3184 4996
611 208 649 262 DE
669 205 886 262 codissswiir.
1104 211 1109 216 “
1326 225 1330 240 ·
1365 203 1418 260 4Ἰ3

300 341 448 410 OASUS
470 341 517 405 X.
869 345 1045 409 objectiones
1062 342 1311 402 aduersariorum.

814 427 875 483 iis.
896 457 931 470 -
950 432 1075 486 oceccto
1127 434 1196 487 tntu.
1244 434 1309 487 urrit
1325 445 1356 487 ea
1376 443 1417 487 em
1479 482 1484 491 ,

119 484 389 541 ῡῙΒωΜὸΤΑΝΠᾹΕ
408 477 694 545 PECCAT⁰RUM(1⁰)·
763 519 829 572 ratio
854 529 900 583 pro
923 431 1078 573 accujsandis
1091 435 1303 575 'circumstantiis
1325 434 1417 586 aggra-

137 609 283 662 ciemens
314 604 436 658 sacerdos
469 606 546 659 docet
574 602 680 669 publice
708 603 737 657 in
764 605 900 669 vantibus,
927 617 958 659 ac
976 617 1023 669 pro
1042 607 1196 661 accusandis
1214 609 1417 662 circumstantiis

82 692 265 758 concionibus,
287 693 314 744 et
330 690 453 755 privatim
470 691 648 746 contessioues
667 691 737 746 exci-
763 691 876 757 speciem
903 693 1078 757 mutantibus,
1106 693 1207 757 priores
1236 695 1319 759 euim,
1347 695 1414 748 sicut

80 780 197 848 piendo,
220 779 321 832 nuliam
345 789 449 842 prorsus
472 778 529 832 dari
550 777 737 842 obligationem
763 776 929 841 posteriores,
946 777 1074 842 indicium
1092 781 1245 834 confessarii
1262 780 1415 835 notabiliter

82 866 238 923 declarandi
251 866 459 920 circumstantias
471 869 659 930 aggravaniea;
674 865 734 930 imo,
763 867 874 919 mount.

82 959 113 1010 et
129 953 258 1010 tnuiiiiter
282 957 361 1017 atquc
381 955 507 1006 nocenter
529 963 575 1006 aas
594 949 734 1006 declarari:
816 953 846 1007 il.
883 955 959 1017 iiepo
987 954 1166 1018 panacem,-
1202 953 1414 1008 circumstantiae

82 1042 137 1096 iroc
154 1041 235 1106 enim,
255 1039 303 1106 ait,
321 1050 373 1093 non
392 1037 510 1102 inseruit,
531 1037 582 1091 uisi
600 1037 634 1091 ad
651 1045 738 1092 tereu-
763 1039 833 1093 enim
857 1043 988 1092 mutantes
1009 1041 1124 1104 speciem
1151 1039 1280 1095 declarari
1306 1040 1436 1106 debent,-

83 1127 149 1182 dum
166 1131 280 1192 tempus,
302 1126 336 1180 ad
354 1125 531 1181 confossiones
548 1125 737 1190 protrahendae
763 1128 824 1193 quia
842 1137 937 1181 noram
956 1129 982 1180 et
998 1129 1141 1193 specialem
1153 1127 1282 1182 maiitlam
1302 1127 1412 1192 addunt,

84 1229 117 1270 ac
147 1215 312 1282 poenitentes
339 1213 543 1278 perturbandos,
576 1211 737 1278 proindeque
764 1219 791 1268 et
812 1213 922 1278 proinde
945 1224 1042 1268 nouum
1067 1216 1202 1278 peccatum
1220 1213 1366 1280 iuducbut3
1389 1221 1415 1268 et

84 1304 120 1356 ab
148 1303 180 1356 iis
204 1301 358 1358 accusandis
382 1299 549 1364 poenitentes
576 1299 687 1354 retranit
711 1304 738 1353 et
764 1300 857 1364 etiam,
883 1298 943 1366 quia
966 1302 994 1354 in
1017 1302 1157 1365 praecepio
1178 1300 1314 1355 evidenter
1331 1303 1415 1356 conti·

84 1389 217 1456 probibet.
764 1391 867 1442 nentur.
905 1386 958 1442 Nec
984 1386 1083 1451 obstat,
1111 1387 1181 1453 qnod
1205 1386 1335 1459 iudicium,
1352 1400 1415 1443 con·

139 1475 296 1532 iiinntius
315 1479 411 1538 auteur,
431 1474 498 1528 aiius
514 1475 644 1539 sacerdos,
665 1475 738 1530 cie·
764 1475 865 1528 tessarii
883 1485 931 1540 per
947 1474 1158 1528 circumstantias
1169 1478 1341 1540 aggravantes
1357 1482 1414 1528 mu·

85 1561 190 1620 mentl
207 1561 311 1629 publice
328 1560 485 1616 contradicit
502 1568 528 1615 et
551 1563 628 1616 docet
645 1575 660 1616 e
677 1573 737 1627 sug·
765 1567 847 1628 tetur;
875 1572 934 1615 nam
959 1559 1086 1625 judicium
1112 1560 1264 1614 contessarii
1295 1560 1328 1614 de
1355 1561 1434 1625 iege

85 1657 177 1717 gestu,
203 1651 414 1705 circumstantias
438 1653 612 1714 aggravantes
633 1661 691 1702 esse
710 1650 737 1702 in
765 1649 854 1704 dirim
872 1649 977 1714 cognita
990 1647 1137 1702 necessario
1150 1650 1252 1701 tamum
1265 1646 1326 1701 terri
1337 1645 1416 1700 debet

85 1740 158 1794 omui
188 1751 251 1792 casu
287 1737 436 1791 necessario
472 1735 630 1791 accusandas
663 1736 738 1801 Juxta
764 1736 834 1791 circa
863 1735 977 1801 speciem
1013 1738 1040 1788 et
1069 1745 1207 1790 numerum
1237 1739 1412 1798 peccatorum.

84 1826 227 1880 concilium
247 1825 315 1879 Trid.
336 1830 363 1878 et
379 1825 566 1880 catechismum
583 1825 734 1878 Romanum.
765 1825 856 1879 cetera
879 1822 913 1876 ad
936 1821 1061 1886 iudicium
1085 1821 1151 1875 iiiud
1173 1831 1244 1875 mere
1266 1819 1414 1875 accidenta-

84 1913 152 1967 iiinc
170 1913 226 1976 ipse
244 1911 392 1966 minutatim
410 1913 576 1977 poenitentes
595 1911 739 1974 interrogat
764 1911 801 1965 iia
818 1914 888 1964 sunt.

85 1999 120 2054 de
137 1997 258 2053 omnibus
276 1997 493 2062 circumstantiis,
517 1996 597 2052 etiam
621 1997 656 2052 ad
678 2009 737 2050 sex·
818 1997 942 2062 objectio
960 1996 1100 2052 samuelo.
1138 1997 1285 2058 Peccatum,
1305 1995 1415 2050 circum·

84 2090 143 2141 tum
161 2089 329 2150 praeceptum
346 2082 553 2149 pertiuendbus;
576 2085 644 2149 imo,
668 2084 738 2150 cogit
763 2087 867 2142 stautiis
878 2084 1032 2140 notebiilter
1043 2081 1248 2149 aggravantibus
1266 2082 1414 2144 adauctum,

85 2183 177 2228 omnes
195 2173 360 2237 poenitentes
379 2183 395 2224 a
417 2171 584 2226 couioemriis
602 2170 737 2238 oppositae
765 2172 882 2237 pluribus
904 2169 1018 2236 peccatis
1036 2171 1199 2236 oequiuaiet;
1225 2179 1301 2234 ergo,
1326 2168 1349 2221 sl
1367 2181 1416 2224 nu·

84 2259 235 2313 sententiae
261 2257 395 2312 absolutos
422 2256 456 2310 ad
483 2259 663 2313 contessiones
689 2257 738 2311 ite·
764 2271 851 2313 merus
860 2259 895 2312 sit
905 2257 1077 2320 accusandus,
1093 2258 1193 2322 pariter
1204 2255 1416 2310 circumstantiae
1507 2274 1519 2284 ·

83 2345 182 2402 raudas
200 2343 233 2399 ob
251 2344 410 2411 integritatis
428 2342 568 2398 deiectum.
606 2345 672 2399 ilinc
688 2343 738 2398 mi·
764 2347 826 2401 iiiae
844 2343 962 2399 accusari
980 2341 1085 2398 debent.

83 2438 178 2487 rantur
194 2431 287 2485 ddeies
305 2435 332 2485 et
350 2429 478 2494 dictitant,
497 2442 532 2484 ue
544 2429 616 2496 ipsos
633 2431 737 2497 quidem
816 2433 848 2486 ii.
868 2431 958 2487 ilict:
985 2429 1106 2484 i’iurlbus
1129 2429 1243 2493 peccatis
1265 2428 1417 2494 aequivalet

85 2518 236 2573 sacerdotes
248 2527 289 2582 ea,
309 2530 377 2584 quae
390 2520 451 2572 sunt
461 2517 607 2583 religionis,
627 2518 736 2581 callere,
764 2521 865 2574 ratione
888 2519 1006 2572 oileusae
1024 2517 1084 2584 bei,
1110 2527 1209 2580 conc.,·
1230 2515 1333 2569 ratione
1356 2527 1416 2580 pec·

85 2606 168 2661 etita
186 2603 288 2659 deiide
306 2609 392 2658 actum
411 2614 477 2658 esse.
764 2607 817 2660 cati
839 2604 959 2660 claribus
981 2603 1152 2669 subiiciendi,
1178 2615 1240 2668 neg.
1279 2602 1415 2656 i’eccatum

138 2687 209 2744 ΠΜ
765 2695 834 2749 enim
865 2690 931 2745 iliad
961 2701 1021 2744 eum
1050 2688 1254 2744 circumstantiis
1281 2686 1417 2754 constituit
1515 2687 1518 2694 '

85 2773 303 2847 Quaer.1·Art
321 2775 511 2832 accusandos
533 2778 596 2831 slat
616 2779 739 2832 ccccm·
765 2791 846 2835 unum
864 2783 952 2832 actum
970 2776 1106 2840 moralem,
1129 2776 1174 2840 qui
1192 2773 1278 2839 quoad
1296 2772 1418 2826 substan·
1538 2777 1542 2785 ·

261 2865 393 2918 stoaitoc
428 2863 598 2918 notabiliter
635 2874 738 2929 oppro-
765 2869 828 2922 tiam
847 2877 921 2920 suam
941 2866 1042 2917 nutum
1061 2860 1236 2916 declarandus
1254 2863 1303 2912 est.

260 2955 378 3014 costes,
402 2963 479 3017 qaae
498 2955 596 3004 tomen
615 2953 739 3018 spectem
816 2950 879 3007 450.
901 2977 936 2988 -
959 2949 1082 3014 disectae
1109 2947 1206 3003 tertio.
1242 2947 1271 3000 si
1296 2956 1348 2998 non
1372 2943 1417 2998 de·
1503 2945 1507 2950 '

259 3039 377 3102 peccotl
393 3049 452 3092 non
470 3039 604 3094 mutanti
765 3042 930 3096 ciararentur
950 3036 1014 3092 iliae
1037 3033 1262 3096 circumstantiae,
1285 3032 1417 3085 contessa·

217 3121 249 3178 2⁰
262 3121 337 3188 dolel
353 3121 389 3178 de
407 3127 526 3180 ratione
543 3123 652 3189 opacat
667 3127 738 3180 uiri·
765 3129 821 3182 rins
849 3139 902 3183 uon
934 3129 1023 3190 posset
1058 3123 1194 3189 iniungere
1229 3119 1417 3185 poenitentiam

258 3223 350 3276 “⁸0⁸0
367 3209 552 3266 sacerdotisi
765 3214 1002 3281 proportionatam,
1038 3217 1067 3264 ut
1102 3222 1117 3263 a
1147 3209 1296 3264 Tridentino
1329 3205 1417 3272 requi·

216 3293 247 3348 3⁰
260 3293 337 3360 ostii
369 3297 401 3351 tc
435 3298 528 3362 proci
553 3295 740 3360 sociandum?
765 3305 842 3358 citur.

267 3383 313 3438 Vel
327 3380 398 3447 tiulfi
414 3380 567 3448 mediat?
819 3391 850 3444 ii.
869 3385 1033 3443 i’oenitentia
1050 3381 1247 3438 sacramentalis
1268 3392 1321 3435 nou
1339 3379 1418 3434 debet

344 3464 483 3523 solutio.
768 3477 952 3532 mathematice
970 3473 1167 3540 proportionata
1185 3481 1252 3534 esse,
1275 3469 1312 3521 ita
1330 3471 1360 3520 ut
1377 3478 1418 3520 re·

136 3553 199 3611 448.
223 3583 257 3596 —
281 3559 311 3612 ii.
336 3554 437 3610 od1¹¹¹
466 3559 567 3620 daces.
604 3559 741 3624 Nepouce
767 3564 896 3631 spondeat
918 3561 1038 3616 omnibus
1060 3557 1185 3624 gradibus
1207 3555 1368 3612 extensionis
1392 3557 1418 3608 et

80 3643 269 3710 probobllcoc
303 3653 362 3698 cum
401 3645 534 3698 renuntia
569 3645 741 3701 communiori
768 3648 927 3705 intensitaiis
953 3646 1063 3714 peccati.
1100 3643 1249 3710 iiequiritnr
1271 3643 1342 3697 euim
1360 3643 1418 3694 tan·

83 3731 276 3796 theologorum.
302 3731 377 3786 ilatio
395 3733 444 3796 eat,
464 3730 526 3797 quia
543 3731 622 3786 datur
639 3735 739 3788 tautum
768 3743 833 3801 tum,
853 3740 884 3792 ui
896 3741 1016 3790 serretur
1033 3731 1160 3798 quaedam
1173 3731 1329 3795 aequalitas,
1350 3737 1418 3795 quae

84 3816 215 3882 obligatio
246 3817 388 3873 accusandi
416 3823 525 3883 peccata
555 3829 614 3874 cum
649 3831 741 3875 eorum
767 3823 901 3880 observari
923 3821 1012 3888 potest
1032 3830 1079 3884 pro
1102 3829 1210 3872 numero
1231 3821 1258 3871 et
1279 3813 1418 3882 speciebus

85 3915 197 3959 numero
216 3909 243 3960 et
269 3903 420 3971 speciebus,
445 3909 476 3958 ut
497 3909 600 3962 constat
621 3919 656 3962 ex
679 3919 741 3962 con·
767 3915 943 3977 peccatorum.
1455 3971 1459 3980 ,

85 3990 148 4046 ciiio
167 3991 239 4046 trid.
265 3991 341 4058 Atqui
353 3991 417 4047 iliae
434 3992 657 4060 circumstantiae,
677 3996 741 4049 licet
821 3996 946 4061 objectio
963 3997 1078 4060 quarto.
1111 3994 1166 4048 lion
1185 3993 1247 4048 iicet
1259 3993 1300 4045 uti
1320 3993 1346 4046 in
1364 4001 1419 4044 ma·

84 4076 239 4132 notabiliter
256 4083 444 4144 aggravantes,
468 4091 515 4143 per
535 4091 565 4133 se
587 4082 657 4134 scias
680 4092 742 4146 pec·
767 4086 833 4139 teria
850 4089 1072 4138 sacramentorum
1089 4081 1211 4146 opinione
1229 4079 1371 4145 probabili,
1390 4081 1419 4130 nt

86 4171 146 4217 cata
175 4175 229 4218 nou
267 4167 438 4221 constituunt.
487 4165 627 4220 Praeterea
661 4179 740 4235 saepe
767 4175 840 4237 patet
862 4183 896 4224 es
925 4182 1027 4237 propos.
1067 4165 1097 4220 1·
1125 4168 1157 4221 ab
1181 4167 1350 4222 iunoceutto
1373 4165 1417 4221 iil.

85 4250 251 4317 impossibiie
273 4257 314 4307 est
337 4253 512 4318 distinguere,
537 4264 666 4321 quaenam
687 4257 741 4310 siut
768 4258 899 4313 damnata.

86 4337 299 4394 circumstantiae
334 4345 519 4405 aggravantes,
559 4345 585 4395 et
620 4341 739 4410 proinde,
818 4346 849 4401 ii.
878 4343 971 4400 dist:
1002 4343 1108 4409 quando
1136 4343 1222 4407 agitur
1249 4344 1281 4395 de
1309 4341 1420 4394 materia

86 4425 110 4478 sl
128 4425 236 4479 daretur
253 4426 402 4492 buiusmodi
414 4427 551 4494 obligatio,
571 4432 625 4484 tum
638 4431 740 4486 contes-
767 4433 917 4487 necessaria
939 4431 1096 4486 necessitate
1118 4429 1290 4492 sacramenti,
1318 4437 1418 4490 conc.;

85 4513 164 4574 sarii,
197 4517 251 4568 tuna
279 4515 444 4578 poenitentes
473 4515 579 4580 iugibus
609 4520 739 4586 scrupulis
765 4521 915 4574 necessaria
928 4519 1084 4574 necessitate
1098 4519 1240 4582 praecepti,
1254 4525 1316 4578 neq.
1337 4509 1420 4568 Porro

86 4597 261 4653 obruerentur
278 4606 306 4654 et
322 4601 392 4654 inter
410 4603 543 4666 augtustias
562 4609 589 4658 et
606 4607 738 4673 perpieri·
765 4607 946 4673 inpraesenti
971 4619 1034 4661 casu
1058 4607 1168 4661 materia
1191 4615 1242 4657 uon
1265 4604 1306 4656 est
1329 4611 1421 4655 neces·

85 4690 155 4740 Μ’
173 4689 299 4754 letibus
316 4688 481 4744 docmarent.
764 4697 833 4750 saria
851 4695 878 4748 ln
903 4694 983 4760 priori
1005 4705 1097 4760 sensu,
1121 4693 1182 4757 quia
1205 4689 1343 4754 integritas
1366 4701 1422 4744 ma·
