3176 4994
480 159 519 214 bs
536 159 761 216 ibibblliiltiis
778 159 973 216 almisonis.
1342 169 1393 224 641

60 299 288 364 dispensationem
315 297 342 351 in
365 297 452 352 radice
470 297 504 352 ad
522 299 716 354 matrimonium
743 298 859 352 resciem
876 299 1042 354 abundius
1058 303 1197 371 parocbus,
1216 313 1321 363 recmat
1338 323 1394 366 ma·

59 385 302 448 convalidaudum,
334 386 397 452 quin
423 385 533 438 maritus
562 396 717 439 eonsensum
742 385 866 439 trimouio
895 387 1026 442 assistere.
1064 387 1129 452 Quid
1157 396 1219 446 tuuc
1247 395 1394 451 Getuiius

59 483 194 528 renovare
211 472 315 534 debeat,
336 470 565 535 sipraeeideatur‚
584 472 670 535 ipsum
684 470 716 522 ad
743 475 771 525 et
786 472 969 526 iilandlnat
994 463 1096 540 lingant
1113 478 1251 544 quemdam
1270 484 1393 549 amicum,

59 558 228 614 sacerdotem
241 558 637 612 catboiicumnonsccessurnm
648 568 715 609 esse.
744 561 772 611 ut
789 560 931 623 parocbum
949 561 982 614 ad
1004 573 1121 618 mensam
1140 565 1235 619 invitet
1252 579 1311 621 cum
1329 570 1394 624 duo·

116 640 199 700 1025.
212 644 405 711 -iliquaudo
420 646 500 699 etiam
518 644 718 698 curiaRomana
743 643 792 696 bus
821 646 881 697 aliis
909 646 1015 712 amics,
1047 652 1092 716 qui
1122 653 1203 705 taturi
1235 655 1394 712 matrimoni!

61 733 89 785 iu
109 729 261 796 buiusmodi
273 743 336 784 casu
347 731 451 795 suadet,
471 733 501 784 ut
511 728 719 794 sponsiinbona
744 734 824 785 testes
845 733 953 787 nocent
997 737 1051 789 sub
1087 739 1209 793 conuiuio
1243 753 1396 807 comparent

60 817 117 871 nde
140 816 210 870 circa
231 817 392 872 matrimonii
418 815 611 871 iuvaiiditatem
638 816 717 871 reliu·
746 818 893 872 Getuiius
911 823 938 872 et
958 821 1135 888 lilandina,
1160 833 1188 880 ec
1204 838 1292 880 coram
1312 829 1395 881 omni·

60 907 187 971 quantur.
222 902 267 955 sic
296 913 449 966 responsum
479 908 520 956 est
543 903 570 956 in
592 915 655 957 casn
676 916 719 957 se·
743 906 793 959 bus
810 906 882 958 clara
899 911 927 958 et
944 907 999 960 alta
1018 920 1083 962 voce
1096 911 1240 976 declarent,
1259 925 1288 965 se
1305 915 1396 969 matri·

60 989 171 1056 quenti,
200 989 334 1054 proposito
364 991 397 1042 ab
425 989 549 1054 episcopo
572 990 718 1044 vivariensi
745 993 860 1045 monium
879 994 1032 1047 contrahere
1052 996 1085 1049 de
1102 998 1244 1062 praesenti.
1276 1001 1396 1056 lleciarat

60 1079 91 1130 in
117 1076 212 1130 Galliis
235 1086 304 1129 anuo
327 1071 410 1128 1843:
441 1077 496 1129 ituo
519 1076 645 1130 baeretici
663 1090 718 1131 ma·
744 1079 941 1144 obstupefacies
962 1082 1106 1146 parocbus,
1129 1097 1158 1136 ae
1181 1083 1289 1139 minime
1310 1085 1396 1140 inteu-

60 1163 218 1219 trimonium
231 1165 425 1225 contraxerant,
444 1172 553 1226 quorum
568 1174 638 1216 nnus
649 1167 719 1227 post·
744 1164 808 1220 dere
824 1167 990 1220 matrimonio
1009 1169 1141 1231 assistere,
1161 1175 1188 1223 et
1206 1183 1247 1226 res
1264 1184 1352 1226 sacras
1369 1175 1395 1226 iu

60 1261 95 1304 ca
125 1247 283 1313 religionem
312 1247 469 1301 catboiicam
500 1248 638 1312 ampiexus
668 1253 717 1302 est.
745 1250 1106 1309 mediocominicuouiieri.
1137 1255 1199 1318 sed,
1214 1269 1245 1310 eo
1258 1263 1395 1324 mouente,

59 1338 229 1398 Tenetume,
254 1337 285 1386 ut
310 1337 362 1387 stet
379 1335 585 1399 matrimonium,
609 1345 719 1390 consen-
745 1339 891 1393 abscedunt
916 1341 1005 1404 sponsi
1027 1333 1110 1406 'atque
1138 1348 1166 1394 nt
1192 1343 1248 1398 veri
1272 1344 1397 1410 coniuges

59 1435 122 1476 sum
145 1433 233 1476 coram
255 1421 369 1485 pamcbo
391 1431 531 1484 renouare,
559 1426 605 1475 ant
632 1423 720 1486 potius
746 1424 827 1478 uitam
845 1426 952 1490 degunt

62 1522 142 1574 pars,
161 1519 229 1573 quae
246 1506 402 1572 religionem
420 1506 575 1560 catholicam
597 1511 720 1573 amplexa
798 1507 867 1562 Hunc

63 1601 122 1659 est,
147 1595 218 1648 circa
245 1592 406 1647 validitatem
432 1595 590 1648 matrimonii
607 1594 635 1647 in
652 1596 721 1649 boua
747 1594 865 1664 Quaor.
878 1594 908 1647 1·
922 1601 1070 1660 oaaenam
1087 1602 1255 1664 recabatur
1275 1607 1401 1667 paroclti

63 1683 118 1736 ude
137 1684 180 1735 est
196 1679 386 1745 relinqueniat
418 1681 581 1744 interrogato
598 1682 721 1748 episcopo
920 1685 1111 1740 assistentia?

63 1771 138 1823 circa
156 1765 281 1832 adiuncta
297 1777 382 1829 casos,
406 1766 579 1831 congregatio
594 1769 722 1833 suprema
876 1767 960 1825 2⁰An
983 1772 1083 1827 caleat
1104 1777 1339 1840 matrimonium,
1370 1781 1399 1833 ai

63 1852 249 1920 inquisitionis
266 1850 403 1918 respondit
419 1851 468 1908 die
487 1854 604 1907 o.in1ti
620 1857 721 1912 iiiii:
919 1859 1079 1923 parcebas,
1099 1861 1169 1915 itaet
1183 1876 1340 1927 praecem,
1360 1868 1400 1921 stt

64 1943 212 2006 oomapes
230 1936 265 1992 da
283 1937 440 1994 soleditate
456 1943 640 1996 matrimonii
661 1954 721 1996 non
920 1946 1031 2001 incitas
1049 1949 1098 2001 cci
1112 1961 1173 2004 non
1189 1952 1370 2013 requisitas?

66 2028 240 2082 dubitanter
257 2029 290 2081 in
308 2026 385 2081 dona
401 2024 459 2090 tide
476 2039 540 2082 ease
557 2027 721 2091 relinquen·
878 2027 908 2082 3·
922 2031 996 2096 onia
1010 2034 1054 2088 ad
1069 2038 1175 2092 carnai

66 2113 131 2178 dos,
153 2127 244 2180 nepae
262 2125 282 2167 a
305 2116 534 2179 participatione
553 2125 721 2168 sacramen·
1002 2116 1141 2176 Salutio.

64 2206 165 2255 taram
182 2197 329 2256 arcendos
344 2199 417 2263 sore.
456 2201 526 2254 ilaec
543 2203 631 2251 autem
649 2211 722 2252 reso·
801 2200 930 2256 10211-
952 2209 982 2260 lt.
1010 2205 1052 2260 aet
1068 2206 1106 2258 1ιι
1129 2212 1230 2271 oaaea.
1269 2213 1399 2266 Parocbus

65 2287 135 2342 lutio
170 2287 203 2340 ab
240 2287 293 2339 alia
328 2285 482 2349 particulari
513 2285 722 2348 congregatione
748 2289 826 2343 debet
844 2303 902 2342 esse
920 2292 1054 2346 moraliter
1064 2305 1199 2360 praesens,
1218 2297 1256 2349 ita
1273 2301 1303 2350 ut
1320 2298 1353 2352 de
1370 2312 1399 2352 re

65 2375 195 2436 adoptata
207 2376 257 2433 est,
277 2371 464 2436 quaeinsuper
479 2369 565 2423 addit:
585 2371 721 2432 momnis
748 2378 855 2441 peracta
878 2377 1054 2433 testimonium
1076 2382 1186 2435 redolere
1209 2383 1310 2446 ualeat,
1339 2387 1400 2450 quia

65 2460 167 2512 animm
186 2455 271 2509 maiia
289 2458 350 2511 sint
368 2457 422 2510 iiia
434 2458 635 2520 matrimonia,
654 2467 722 2510 con·
747 2462 780 2513 ab
798 2463 914 2515 Ecclesia
932 2469 962 2516 ut
978 2465 1053 2518 testis
1071 2469 1225 2533 principalis
1249 2469 1397 2526 adhibetur.

65 2543 178 2596 cattam
207 2545 306 2596 tamen
329 2555 417 2607 qaam
442 2545 571 2598 macione
589 2543 657 2605 erit,
689 2543 721 2596 in
748 2573 782 2584 —-
808 2549 830 2603 i'.
851 2550 947 2614 comp.
968 2562 997 2605 n.
1018 2553 1092 2608 tii.

65 2629 189 2683 cacitas
202 2629 436 2693 particularitas
453 2641 602 2684 recurrere
620 2627 663 2685 ad
673 2633 721 2684 se·
800 2638 832 2692 ιι.
851 2635 896 2692 αα
907 2635 946 2690 2¹¹
963 2641 1064 2702 panea.
1104 2641 1178 2696 vitea
1195 2645 1398 2707 matrimonium,

67 2714 135 2769 dem
163 2716 374 2780 Miloniani,
412 2718 554 2782 emesena
588 2716 721 2772 annitar
748 2723 812 2778 licet
840 2728 969 2791 parocbns
998 2739 1050 2781 uon
1080 2729 1222 2784 advocetur
1251 2743 1338 2795 neque
1367 2732 1399 2784 de

66 2803 148 2867 [⁰0²1
167 2803 415 2867 monmorentua,
441 2815 517 2868 dude
538 2806 609 2858 timi
635 2801 721 2858 modo
749 2811 913 2866 matrimonio
929 2815 1107 2869 conbabendo
1124 2822 1334 2881 praemoneatur,
1354 2820 1399 2872 sed

67 2891 165 2954 manis
183 2893 346 2954 opportuno
363 2889 432 2943 ltacic
449 2891 495 2943 rei
502 2888 671 2954 mooidedtt.
686 2915 720 2926 -
748 2898 812 2951 satis
830 2903 883 2964 est,
905 2900 928 2953 sl
946 2913 1008 2955 caso
1027 2903 1054 2955 ln
1073 2905 1130 2957 ioco
1151 2903 1297 2967 reperiatur
1315 2906 1359 2958 vel
1376 2906 1400 2957 si

74 2976 245 3030 {Perenne
261 2975 330 3029 idid.
750 2985 802 3038 aiio
828 2992 966 3051 praetentu
993 2989 1025 3040 ad
1049 2989 1116 3042 iliud
1140 2995 1297 3043 accersatur.
1335 2991 1398 3056 imo,

750 3076 821 3127 valet
838 3073 1048 3138 matrimonium,
1076 3077 1138 3129 iicet
1160 3076 1290 3140 parocbus
1308 3077 1343 3130 sit
1360 3079 1400 3130 in-

227 3162 375 3233 OASUS
398 3161 564 3228 XXXIV,
749 3159 832 3224 vitus,
854 3161 987 3214 reluctans
1008 3163 1053 3216 vei
1075 3166 1147 3216 metu
1168 3161 1201 3216 ad
1227 3163 1414 3216 assistendum·

180 3303 380 3359 liSSISTffiTIA
397 3303 530 3359 mmcffl
548 3299 614 3365 (1⁸)'
748 3249 1401 3400 aagzbzotmiufftdequelflpgzctlaopessgisbtsse

124 3425 152 3478 1⁰
168 3425 411 3482 sabiunsinvitis
422 3424 576 3489 parentibus
587 3425 721 3490 sponsalia
749 3423 843 3482 potest,
866 3423 894 3472 et
910 3419 1020 3484 proinde
1038 3425 1159 3475 estsere
1178 3423 1261 3476 testis.
1299 3423 1338 3474 liu
1356 3435 1401 3476 ta-

68 3515 200 3569 contraxit
223 3523 282 3566 cum
306 3510 437 3565 Sabina.
474 3512 606 3564 Parocbus
630 3513 663 3564 ab
681 3511 722 3565 bis
748 3505 795 3557 riis
803 3505 979 3560 decisionibus
988 3509 1015 3560 S.
1026 3509 1130 3572 conpr.
1144 3511 1254 3562 constat.
1280 3511 1402 3562 Attamen

68 3601 222 3666 requisitus,
242 3603 273 3652 ut
289 3610 352 3654 mor
369 3610 460 3652 eorum
472 3599 639 3651 matrimonio
657 3598 722 3650 assi·
749 3592 836 3658 aliquo
857 3592 934 3645 modo
956 3593 1035 3647 debet
1056 3590 1155 3659 requiri
1176 3605 1224 3647 seu
1249 3593 1367 3648 adbiberi
1385 3607 1401 3647 a

69 3691 165 3751 steret,
190 3693 217 3739 et
235 3686 327 3739 codem
352 3689 471 3750 tempore
489 3689 596 3749 rogatus
614 3699 630 3738 a
648 3689 722 3749 patre
748 3678 850 3743 sponsis
859 3682 889 3731 ut
900 3679 975 3733 testis
987 3679 1112 3733 connubii
1125 3680 1306 3744 contrabeudi,
1323 3682 1361 3735 ita
1373 3687 1402 3734 ot

70 3773 198 3835 Sabini,
226 3777 333 3825 utnon
356 3771 542 3834 interveniret,
567 3771 721 3834 declaravit,
748 3765 868 3819 attendat
885 3765 919 3818 ad
936 3767 1154 3821 matrimonialem
1177 3772 1339 3821 contractum
1357 3779 1400 3820 co·

70 3874 99 3914 se
122 3858 183 3912 bule
208 3858 376 3912 matrimonio
397 3871 451 3911 uon
474 3857 626 3912 adiuturum
653 3869 721 3919 esse,
748 3853 872 3917 ramipso
893 3851 1088 3906 celebrandum.
1121 3855 1191 3906 satis
1204 3857 1354 3918 astantem,
1372 3859 1402 3908 ut

71 3948 155 4000 donec
172 3945 262 4010 spousi
280 3948 383 4011 genitor
400 3946 547 4000 obsisteret.
581 3943 632 3997 sed
645 3946 721 3996 ecce!
749 3939 875 4003 implicite
899 3939 1096 4003 interpelletur,
1120 3942 1159 3993 ita
1181 3944 1211 3993 ut
1232 3941 1303 3994 clare
1322 3941 1401 3993 lutei·

71 4037 133 4087 dum
151 4035 281 4100 parocbus
298 4044 401 4086 sacrum
419 4033 519 4085 iaceret
541 4036 568 4082 et
589 4029 623 4082 ad
640 4041 722 4093 popu·
750 4027 826 4090 ligat,
854 4040 883 4080 sc
900 4027 997 4092 requiri
1015 4031 1043 4080 et
1059 4026 1179 4082 adhiberi
1199 4031 1228 4081 ut
1251 4032 1345 4081 testem
1362 4029 1401 4079 rei

71 4123 127 4174 ium
156 4124 364 4183 conuerteretur,
400 4119 506 4172 adstant
541 4115 631 4181 sponsi
661 4120 722 4168 autc
749 4114 921 4177 peragendae.
937 4114 1136 4167 constatetiam
1149 4113 1276 4169 eruariis
1289 4113 1400 4167 decisio-

71 4209 155 4260 aitare
174 4216 232 4258 cum
250 4205 361 4258 testibus
379 4204 570 4265 eclesiarum,
589 4215 619 4254 sc
635 4213 664 4253 se
682 4200 722 4253 in·
749 4198 826 4252 nibus
840 4201 867 4251 S.
887 4200 987 4264 eonor.
1007 4201 1077 4263 apud
1091 4201 1232 4255 Analecta
1242 4199 1323 4261 iaris
1327 4210 1403 4262 pon·

72 4295 158 4346 ricem
176 4292 293 4356 accipere
316 4303 362 4354 pro
385 4291 440 4344 viro
458 4294 486 4343 et
501 4299 592 4342 uxore.
630 4290 722 4342 i’ostea
749 4285 838 4348 tincti
851 4299 907 4340 aer.
929 4287 957 4339 2.
978 4286 1032 4340 coi.
1055 4288 1148 4341 itini.
1170 4290 1275 4351 etseq.

73 4379 200 4432 recedunt
216 4382 244 4430 et
260 4376 373 4430 maritali
391 4388 464 4430 more
481 4375 581 4429 meunt.
801 4368 878 4425 1027.
897 4397 930 4408 —
956 4375 987 4428 ii.
1004 4370 1097 4426 addit
1110 4374 1213 4434 oaaea
1252 4372 1286 4425 in
1306 4371 1402 4434 primo

125 4462 156 4516 2⁸
183 4463 346 4528 Getulius,
383 4465 523 4518 contractis
557 4462 723 4526 sponsalibus
749 4469 822 4512 cara
849 4459 920 4512 valet
945 4459 1149 4513 matrimonium.
1187 4459 1225 4512 id
1254 4460 1303 4510 boc
1329 4455 1401 4509 enim

74 4565 133 4606 cum
156 4553 265 4616 clara,
288 4561 347 4604 eam
370 4550 542 4615 derelinquit,
574 4553 604 4602 ut
632 4549 722 4602 matri-
749 4545 814 4597 satis
840 4545 905 4610 tuit,
933 4553 962 4598 ut
979 4545 1109 4609 parocbns
1134 4551 1206 4598 certo
1233 4541 1400 4597 animadver-

75 4638 190 4693 moninm
220 4639 359 4691 contrabat
392 4650 451 4690 cum
480 4636 646 4690 blandina.
693 4635 723 4688 ld
749 4636 825 4695 teret,
844 4641 952 4696 sponsos
964 4632 1035 4686 veile
1051 4631 1119 4683 inire
1136 4626 1332 4683 matrimonium
1343 4628 1401 4694 ipso

128 4730 199 4783 (lucy,
214 4729 285 4769 casus
298 4730 456 4770 conscientiae
714 4718 716 4724 ¹
1149 4715 1189 4778 41
