3218 5004
647 189 865 246 nnssrrrsuo.
1369 175 1422 234 39³

94 326 226 394 banduli
244 340 278 382 ex
296 338 341 392 eo,
365 329 435 396 pund
453 329 554 386 nnllam
572 328 745 383 intentionem
773 327 886 393 parocho
908 323 1032 380 reddidit.
1075 323 1099 378 ls
1120 331 1198 385 vero,
1230 320 1294 372 licet
1317 318 1421 372 nullum

93 413 317 478 manifestaverit,
340 416 463 470 concludi
481 419 579 482 potest,
603 425 663 469 eum
686 414 746 468 nul·
772 425 887 468 errorem
904 407 1115 478 deprehenderit,
1135 411 1252 462 attamen
1264 405 1313 460 sub
1332 402 1421 458 cundi·

93 504 149 557 lam
178 501 318 556 isboset
363 504 540 569 Nequaquam.
584 504 648 559 liam
678 502 747 555 inter
773 500 844 555 done
860 498 1025 565 rebaptizare
1042 507 1101 551 eam
1118 495 1220 561 prolem
1238 493 1331 549 uoluit.

97 591 205 642 centum
223 589 266 642 rel
284 589 358 642 mille
375 587 510 653 luddeles,
535 588 562 643 ln
583 586 664 642 simili
682 599 745 642 casu
823 582 854 639 ι·
871 585 1063 640 sabelilnus
1080 582 1239 646 haereticus,
1259 579 1369 635 ueniens
1387 575 1421 633 ad

94 679 242 740 versantes,
260 677 425 740 potestesse
443 687 521 739 uuus,
540 676 586 742 qul
603 675 745 730 cbristlans
771 673 925 740 parocbum,
944 673 1010 738 petit
1022 671 1116 727 lustrul
1129 675 1155 724 st
1167 667 1270 724 admitti
1287 667 1321 722 ad
1333 666 1421 722 lisele·

93 762 163 817 mori
185 761 261 816 relit
297 762 376 817 Porro
402 762 466 818 satis
492 767 547 826 est,
577 767 608 817 nt
635 761 746 827 ungulis
771 763 838 816 siam
855 760 1021 816 ιιιιιιιιιιιιι.
1058 759 1190 814 l’arocbus
1212 766 1275 810 vero
1297 763 1357 809 eum
1381 753 1422 808 lu·

29 915 32 919 .
92 847 240 914 bsptismus
257 847 306 902 sub
327 848 480 904 conditione
500 849 660 904 conletatur.
695 849 745 904 lia·
771 853 898 903 nunctum
915 847 1061 911 inenuaat
1081 845 1114 898 ds
1136 847 1258 908 suscepto
1279 841 1420 907 baptismo,

93 935 167 1001 cipe:
191 934 214 988 si
232 935 311 999 paulo
329 941 391 990 ante
409 939 518 990 nomm
542 935 570 989 ln
590 935 745 1002 rellplonero
771 947 821 991 nee
838 938 925 1002 potest
941 936 1041 989 senum
1053 932 1185 987 delectum
1203 928 1339 992 invenire;
1359 927 1422 982 nino

93 1020 253 1076 catholicam
271 1021 390 1077 inuectus
411 1022 505 1086 ruerit,
527 1022 589 1089 pala
612 1027 674 1076 tunc
696 1021 745 1076 ml·
772 1023 864 1077 baerst
879 1033 985 1087 anceps,
1005 1025 1092 1076 utrum
1111 1020 1187 1075 illum
1204 1017 1253 1072 sub
1271 1014 1421 1071 conditione

93 1107 169 1162 ulnae
185 1106 332 1161 censendus
350 1111 391 1161 est
408 1109 436 1162 ln
453 1119 512 1164 eam
529 1109 600 1165 uelle
617 1109 744 1175 cooptari,
771 1108 934 1176 rebspucare
942 1105 1047 1171 debeat,
1062 1106 1132 1174 pund
1145 1104 1251 1160 tsndem
1261 1102 1421 1168 nonabsous

94 1205 159 1249 cum
175 1192 209 1248 ab
226 1205 260 1248 ea
276 1195 357 1260 paulo
375 1199 437 1250 ante
454 1194 521 1249 adeo
539 1195 699 1251 abborreret.
772 1207 869 1263 magns
885 1195 1020 1250 snaietste
1036 1195 1160 1260 praestat.

148 1277 210 1336 206.
225 1282 302 1336 -ii.
316 1275 408 1336 totidm
421 1284 524 1344 oms.
555 1280 744 1347 Ammodes,
823 1279 854 1334 3·
872 1282 970 1337 Clara
987 1279 1116 1335 obstetrix
1133 1278 1262 1334 tutantem
1286 1275 1357 1328 domi
1373 1274 1421 1328 ba·

92 1367 173 1422 modo
186 1367 361 1433 baptizaverit
375 1369 424 1423 sub
442 1366 601 1433 conditione,
619 1369 681 1435 qnia
698 1368 746 1424 du·
771 1367 894 1436 pluerit,
924 1368 1009 1424 torma
1038 1377 1072 1420 ea
1101 1375 1189 1420 auore
1212 1361 1422 1418 substantialiter

95 1453 166 1508 bitat
182 1453 342 1518 silvinus,
363 1459 450 1510 utrum
468 1454 583 1509 lnddells
602 1455 648 1510 ille
666 1456 746 1511 luter·
771 1457 882 1511 ιιιιιιιιι.
917 1455 1037 1510 irrorem
1064 1451 1170 1519 qudem
1192 1449 1272 1514 paulo
1296 1452 1356 1515 post
1376 1448 1422 1502 de·

94 1541 169 1596 ralla
185 1540 273 1596 lucida
290 1542 397 1597 rationis
420 1541 557 1603 babuerit,
583 1553 681 1609 neenc;
707 1545 745 1596 et·
772 1537 921 1610 prehendit,
940 1539 988 1594 sed
1000 1539 1076 1594 illum
1089 1539 1193 1603 aperire
1206 1535 1320 1590 erubuit.
1340 1532 1422 1588 Annis

94 1626 184 1692 enlm,
201 1627 225 1682 sl
242 1626 348 1692 babuit,
367 1626 453 1694 putuit
469 1627 625 1694 baptismum
642 1627 745 1684 deside·
773 1627 807 1682 lb
823 1629 886 1686 lude
904 1628 1001 1695 elapsis
1012 1626 1040 1680 ld
1058 1624 1165 1680 tandem
1181 1624 1230 1677 sub
1248 1621 1421 1678 confessionis

95 1721 172 1776 rare,
203 1716 230 1766 et
256 1713 367 1778 prolude
389 1715 479 1769 rallde
500 1715 628 1782 baptizari
649 1719 743 1785 potest
771 1716 860 1782 sigilio
877 1714 990 1782 paroebo
1009 1713 1108 1779 aperit,
1134 1711 1237 1776 etipse
1260 1709 1341 1764 saluti
1358 1707 1421 1761 adu·

92 1798 165 1864 mo
182 1796 231 1852 sub
249 1799 399 1855 conditione
416 1800 589 1867 baptizandus
606 1807 660 1868 est,
684 1803 746 1871 qula
772 1804 894 1859 lescentls
910 1800 1080 1868 prospiceret,
1101 1803 1178 1854 cante
1193 1801 1291 1861 tamen
1311 1809 1345 1850 ns
1363 1795 1422 1860 ipsa

91 1885 301 1940 succurrendum
319 1887 497 1953 estproximo
520 1891 637 1944 versanti
655 1891 682 1946 ln
700 1903 747 1946 ea·
770 1892 857 1945 ianuae
875 1889 1005 1955 lactucam
1032 1887 1143 1943 taceret.
1179 1884 1232 1938 sed
1254 1883 1317 1938 inde
1333 1893 1421 1936 sacer·

92 1975 181 2024 trena
207 1973 363 2030 necessitate
389 1975 535 2042 spirituaii,
566 1988 617 2044 quo
643 1979 745 2034 meliori
771 1979 826 2033 dotl
843 1977 967 2042 ambages
984 1975 1130 2037 maximae,
1154 1983 1189 2026 ea
1211 1971 1306 2038 qulbus
1327 1979 1356 2022 sc
1375 1979 1420 2023 sa·

91 2057 175 2112 modo
192 2056 248 2114 bert
267 2063 366 2125 potest,
386 2062 466 2117 ιιιιιιι
484 2074 545 2117 cum
562 2064 636 2118 tenid
654 2065 745 2132 proba·
771 2065 865 2120 tricare
883 2064 983 2131 nequit.

91 2144 200 2200 bilitale
218 2145 352 2202 etdeaclae
369 2150 535 2204 sauamentl.
555 2145 589 2216 (¹)
822 2164 891 2220 flu,

149 2233 231 2298 ΜΡ·
251 2231 295 2288 ⁰⁶
310 2229 348 2285 4¹²
368 2235 470 2297 om·
507 2237 681 2292 mmmm
698 2250 744 2294 ν’·
772 2269 891 2342 Quaen.
903 2266 932 2324 1·
943 2272 984 2325 Ass
1005 2271 1083 2323 recte
1104 2267 1195 2331 sperit
1214 2265 1364 2330 purocdoa
1390 2268 1422 2321 isa

91 2319 149 2376 ilde
178 2319 324 2386 baptizatus
345 2325 401 2386 est,
429 2335 482 2378 uon
505 2323 625 2379 obstante
649 2323 745 2380 affectu
941 2357 1037 2421 mmo
1060 2364 1142 2415 cm,
1167 2353 1278 2418 mum
1301 2353 1338 2406 ap
1359 2355 1422 2409 1,..

91 2407 131 2460 ad
148 2410 283 2473 peccatum
301 2410 422 2474 mortale,
442 2413 472 2465 ut
489 2414 571 2476 petet.
609 2411 702 2476 Porro,
720 2413 744 2466 sl
947 2443 1063 2508 amca
1080 2439 1262 2504 pamm
1281 2433 1422 2494 emmo.

91 2493 184 2548 uallde
211 2493 357 2560 baptizatus
384 2497 476 2564 luerit,
504 2499 681 2552 cbaracterem
702 2510 744 2553 sa·
946 2531 1016 2582 mm
1032 2522 1261 2591 „bammum

91 2581 284 2636 carmentalem
292 2583 401 2649 recepit,
415 2585 476 2652 unia
485 2583 628 2651 baptismus
640 2579 745 2639 validus
902 2611 933 2669 2⁰
945 2617 986 2670 A„
1016 2611 1224 2668 Samum
1256 2612 1423 2667 pamm,

90 2667 275 2722 obtractorem
297 2681 344 2723 seu
366 2670 531 2735 signaculum
554 2671 693 2736 spirituale
718 2677 745 2725 ct
946 2701 1128 2764 mmm
1150 2701 1279 2763 „mem
1304 2695 1423 2753 „0140-

92 2751 241 2809 indelebile
253 2753 281 2808 in
299 2757 387 2810 animo
400 2756 526 2823 baptisati
538 2758 678 2824 imprimit3
697 2758 745 2812 sed
946 2787 1041 2843 mm
1068 2787 1100 2841 p„
1128 2783 1258 2841 ,mm
1280 2795 1367 2846 Μ,
1394 2789 1424 2838 es

93 2841 120 2892 is
138 2851 191 2895 nun
208 2844 309 2907 recepit
330 2843 372 2898 bic
395 2849 422 2898 et
439 2856 508 2899 nunc
526 2845 636 2900 elteetus
657 2857 745 2900 sacra·
946 2870 1019 2941 wa
1040 2874 1071 2928 p„
1086 2882 1191 2938 mm
1208 2868 1243 2925 ας
1265 2871 1423 2926 ameum

91 2925 189 2993 menti,
202 2928 246 2996 qni
261 2930 375 2996 agralia
386 2930 476 2986 diuina
491 2933 615 2998 pendent.
634 2933 746 2988 Proinde
946 2958 989 3016 aa
1002 2957 1087 3026 Mem
1105 2958 1272 3013 commas

92 3024 183 3080 nepus
204 3019 342 3080 peceatum
364 3017 507 3084 odpnaie,
532 3030 618 3087 usqne
640 3022 747 3086 peecata
902 3045 933 3104 3·
945 3045 1018 3111 oum
1048 3045 1179 3112 pamm
1213 3038 1358 3106 amm
1391 3041 1423 3095 ιη

91 3103 155 3167 elus
172 3102 288 3157 actualia
305 3103 393 3159 deleta
409 3108 484 3170 sunt,
507 3105 636 3173 slpnidem
654 3117 745 3172 pecca·
947 3135 1033 3191 mm
1050 3134 1139 3188 emp

92 3196 154 3244 tum
183 3189 266 3246 deleri
296 3193 402 3258 nepmt,
433 3191 484 3247 nisi
513 3203 561 3257 per
589 3193 746 3248 inlusionem
901 3218 932 3275 4⁶
944 3224 985 3278 A„
1007 3217 1181 3285 mmm
1202 3219 1264 3273 ,m
1289 3213 1421 3280 mmm

95 3275 201 3342 gratiae
218 3277 415 3333 sanctldeantls.
452 3279 504 3334 sed
527 3278 746 3335 Tiburtiusrl

90 3363 220 3429 baptismi
245 3361 288 3428 lus
315 3365 395 3419 babet
417 3363 445 3418 ln
469 3365 526 3430 eins
547 3365 670 3431 effectus,
702 3366 746 3432 qul

91 3451 199 3505 tantum
216 3455 355 3506 remanent
366 3451 496 3518 suspensi,
518 3453 601 3509 dones
614 3455 683 3510 obex
697 3465 746 3508 seu
1026 3425 1164 3484 s⁰¹¹¹⁸¹⁰·

93 3541 234 3604 peceatum
251 3539 346 3592 saltem
362 3549 412 3604 per
433 3539 593 3594 attritionem
610 3549 747 3594 remouea-
825 3531 887 3592 tol.
904 3561 938 3574 -
956 3530 1137 3599 liesp.ud1⁰²
1153 3533 1256 3594 boues.
1287 3526 1423 3594 astrosu-

91 3632 149 3680 tnr.
167 3649 200 3666 ··
226 3625 365 3691 [comp.
386 3639 415 3680 a.
437 3627 508 3681 illd.
773 3626 831 3679 ties
846 3635 904 3689 per.
915 3636 953 3705 se¹¹
990 3620 1064 3676 listlo
1082 3625 1135 3684 est,
1155 3620 1230 3686 qula,
1249 3616 1299 3673 etsi
1317 3621 1423 3682 linge·

775 3712 842 3765 lica
863 3711 898 3765 sit
920 3709 1016 3763 muller
1038 3705 1152 3772 prudens
1176 3711 1203 3760 et
1225 3703 1282 3769 pls,
1312 3704 1340 3757 iu
1369 3703 1424 3758 illis

290 3776 440 3850 CASUS
463 3775 559 3846 VIII·
773 3797 975 3852 circumstantiis
987 3795 1067 3849 rasile
1082 3805 1170 3848 errare
1188 3791 1275 3857 potuit
1292 3803 1325 3846 ea
1342 3791 1424 3844 animi

264 3922 410 3978 ”trouu
429 3923 579 3977 ruffio
772 3881 1249 4034 llllllliulllllluill
1276 3881 1425 4018 ,libb

149 4037 179 4094 1·
196 4042 366 4108 inpellet,
386 4045 505 4097 mamona
522 4044 637 4108 prudens
655 4042 746 4107 etpia,
774 4069 803 4110 η,
825 4057 897 4111 m.
935 4055 1007 4110 litai:
1028 4067 1082 4121 pes
1102 4066 1150 4120 se,·
1173 4053 1234 4120 quis
1256 4050 1423 4117 quandoque,

94 4141 159 4184 ‘¹11³
176 4129 293 4184 tillim
311 4130 397 4195 mill
414 4143 560 4197 blesillae
579 4140 655 4195 ⁰ilem
673 4141 748 4194 llll·
773 4143 885 4199 muliere
900 4143 993 4198 sedulo
1010 4144 1179 4207 intempesta,
1200 4144 1322 4194 censure
1338 4139 1426 4203 potest

94 4215 172 4270 limi
188 4217 295 4284 ellubie
313 4219 413 4282 prolem
432 4217 465 4272 de
483 4217 539 4272 ulta
556 4217 747 4283 periclitantem
774 4230 807 4284 de
825 4229 948 4295 baptismi
965 4229 1065 4284 valore.
1085 4255 1118 4267 -
1136 4225 1239 4283 liecole
1256 4221 1338 4280 docto
1356 4223 1422 4277 cos.

94 4306 232 4369 cerneret,
250 4304 415 4370 properarit,
438 4315 496 4358 canu
515 4302 657 4359 christiano
675 4313 748 4357 more
773 4317 824 4372 111,
843 4314 887 4372 aa
901 4313 941 4368 a·
960 4318 1063 4379 puae„

98 4388 248 4458 baptizem
272 4394 364 4456 postea
390 4389 530 4445 ministerii
552 4389 593 4444 sul
620 4389 747 4444 rationem
826 4403 857 4458 p,
877 4399 920 4457 „a
934 4397 973 4454 pn
997 4403 1099 4465 oum
1137 4399 1327 4454 melum
1347 4397 1424 4450 rm.

97 4525 221 4542 ---
774 4490 873 4556 ptizare
890 4488 977 4555 potuit
995 4493 1022 4545 et
1039 4487 1140 4552 debuit,
1160 4489 1190 4539 ut
1203 4486 1254 4539 tert
1271 4495 1327 4537 mos
1344 4491 1424 4547 pene·

95 4596 136 4660 (ι)
167 4597 207 4651 cf,
234 4597 314 4652 epm
345 4599 440 4664 om,
469 4610 498 4652 rt.
531 4597 604 4654 223,
634 4597 669 4652 ῃ,
701 4596 745 4658 (Ν,
774 4577 837 4630 ralis
854 4576 996 4638 Ecclesiae,
1016 4577 1077 4642 qula
1095 4579 1186 4628 nuum
1203 4575 1259 4636 est,
1280 4570 1427 4624 naeretleus

131 4665 212 4734 edtt.)
774 4673 863 4720 eurus
892 4662 997 4730 saepius
1029 4663 1056 4717 lu
1085 4660 1214 4728 baptismo
1249 4654 1424 4720 conterendos

946 3309 1090 3375 expostus
