3176 4994
529 255 568 311 DE
586 254 730 310 lllllllellt
746 253 910 309 ducllottl.
1337 259 1390 316 dle

65 395 281 453 moribundorum
307 394 447 449 confortari
476 394 574 458 voluit,
604 393 715 459 ideoque
741 390 912 456 infimatur
933 395 999 460 puts
1021 397 1054 453 ta
1077 399 1211 454 coda...
1249 401 1329 456 l’orro
1347 415 1391 457 ca·

65 487 195 540 instanter
212 477 367 536 lenedcinto
384 479 613 544 illndpoatnlarie.
644 480 716 535 llotis
740 479 796 545 pite
813 479 964 546 damnatus,
985 479 1048 536 licet
1063 483 1142 538 morti
1160 486 1309 554 proximus,
1336 500 1391 544 non

67 574 155 625 autern
173 569 231 636 elus
248 568 342 623 annuit
359 567 470 622 mrcerls
487 566 648 633 capellanus.
742 568 829 619 tamen
853 571 893 620 est
912 565 1042 632 intirmus,
1070 582 1120 624 oec
1148 572 1183 626 oo
1212 571 1390 632 infirmitatem

118 653 187 710 Eme
740 651 893 708 moriturus.
911 679 946 690 -
964 657 992 708 d.
1010 654 1071 722 lla:
1089 668 1119 713 a.
1139 660 1213 714 713.

67 743 186 812 onear.
199 739 229 797 1·
239 743 282 798 Aa
299 741 398 796 cetaria
414 737 512 796 cande
530 743 560 794 et
572 737 651 794 ltctte
665 750 716 805 po·

240 830 331 884 taertt
344 828 465 892 taaapo
933 821 1083 896 OASUS
1104 825 1203 896 VIII.

198 912 283 988 Ὴη
300 911 487 970 Blacdtua
503 912 664 976 puerperas

197 997 228 1055 3·
239 1005 282 1057 A„
293 996 474 1066 wrm„
488 1000 585 1066 mm
593 993 715 1053 mm,
794 965 959 1024 opuscolo
976 967 1140 1024 llllllildllld
1157 969 1333 1026 dlcllolils.

241 1089 306 1143 tart
380 1071 386 1091 ‘
795 1085 1022 1152 Lampridius,
1041 1089 1157 1153 graviter
1170 1089 1337 1157 decumbens,
1350 1103 1391 1147 re·

323 1167 460 1225 solutio.
743 1173 801 1226 uolt
817 1171 950 1238 suscipere
977 1178 1120 1228 extremum
1142 1178 1307 1244 unctionem,
1329 1179 1393 1234 licet

120 1259 183 1317 805.
202 1264 275 1318 -il
296 1259 340 1314 ad
350 1259 387 1310 1ΙΙΙ
400 1263 504 1324 palaea.
529 1257 715 1324 immutire.
744 1259 857 1313 libenter
880 1259 961 1314 luerit
981 1259 1116 1314 confessus
1143 1265 1171 1316 et
1195 1275 1269 1317 sacro
1296 1262 1392 1320 dedeo

65 1348 98 1403 1·
115 1349 202 1404 Potuit
220 1347 310 1405 rotula
328 1346 420 1411 monci
441 1345 540 1399 valide.
573 1344 648 1399 antio
665 1350 714 1406 eat,
744 1346 873 1411 relectus;
890 1344 1014 1401 credebat
1026 1345 1106 1414 coin,
1117 1350 1313 1403 semoritomm
1325 1351 1391 1416 lore,

64 1438 128 1504 qula
153 1437 231 1501 Juxta
259 1446 395 1488 commune
425 1431 547 1497 adagium
581 1436 717 1488 senectus
743 1433 767 1485 sl
784 1433 844 1486 oleo
862 1431 1213 1498 inormorunlnnngeratur.
1231 1439 1394 1502 onapropter

62 1527 135 1589 ipra
151 1521 332 1584 mortuaest,
352 1523 541 1586 proptereaque
558 1529 653 1581 manno
671 1529 716 1571 cn·
744 1519 849 1584 copnatl
867 1518 1045 1585 Lampridii
1064 1519 1143 1575 enixe
1158 1527 1301 1588 parocloum
1314 1533 1392 1590 roge·

62 1621 159 1665 norum
176 1608 291 1675 pondere
314 1607 416 1672 grauati
434 1606 462 1660 ln
485 1607 608 1659 continuo
625 1605 717 1659 mortis
744 1609 818 1672 runt,
845 1611 875 1660 ut
898 1609 1076 1673 exspectaret,
1108 1607 1191 1663 donec
1217 1623 1297 1675 aeger
1318 1610 1393 1675 marl

61 1695 183 1763 periculo
202 1695 348 1750 versamur.
384 1692 524 1759 llultlpllci
545 1691 614 1746 enlm
637 1702 717 1756 expe·
743 1705 836 1758 sopore
854 1705 993 1759 oppressus
1011 1693 1173 1750 detineretur
1187 1699 1232 1750 rel
1247 1709 1298 1751 usu
1314 1697 1393 1752 ratio·

61 1784 164 1839 rientla
180 1784 292 1844 constat,
311 1781 408 1835 multos
425 1780 481 1834 solo
493 1778 568 1833 senio
585 1779 717 1832 conlectos
744 1781 786 1833 nis
804 1779 831 1834 vl
849 1780 932 1834 morli
950 1781 1145 1838 destitueretur.
1175 1783 1285 1838 insulsis
1302 1797 1393 1840 eorum

64 1872 166 1936 absone
200 1868 254 1922 allo
287 1865 398 1934 speciali
432 1866 523 1920 morlo
557 1864 714 1931 exspirasse.
744 1867 812 1922 rotis
829 1866 941 1920 indulsit
957 1868 1017 1932 plus
1035 1879 1119 1936 acono
1143 1868 1289 1937 obsequens
1306 1882 1393 1926 sacer·

64 1959 221 2020 Praeterea,
240 1958 271 2009 nt
287 1958 479 2009 sacramentum
498 1951 567 2007 iilud
583 1951 717 2007 ministre·
745 1954 801 2007 dos.
838 1955 903 2008 cum
920 1953 1127 2020 Lampridius
1144 1967 1206 2010 mor
1224 1955 1253 2010 in
1271 1955 1394 2012 delirium

64 2053 119 2107 tor,
139 2042 237 2097 rumolt
254 2043 401 2107 pericnlum
419 2039 667 2106 pronaollcmortia,
687 2041 717 2093 ut
742 2039 893 2106 incidisset,
914 2051 945 2094 ac
968 2040 1083 2095 accinxit
1104 2041 1139 2096 ad
1163 2054 1223 2096 eum
1241 2044 1301 2097 oleo
1318 2055 1394 2098 sacro

65 2142 148 2196 supra
170 2130 269 2183 dictum
292 2132 340 2184 est.
376 2129 459 2183 llulto
482 2127 568 2181 minus
595 2126 716 2180 didcren·
743 2126 898 2181 liniendum.
937 2127 1031 2181 verum
1059 2125 1105 2180 ubi
1134 2128 1242 2195 propina
1272 2130 1392 2196 sesessit,

65 2218 130 2272 dum
147 2221 189 2270 est
204 2217 398 2272 samamentum
415 2213 482 2266 illud
502 2224 585 2280 usquc
602 2213 636 2266 ad
653 2212 717 2266 nlti-
744 2212 862 2267 infirmus
880 2213 1027 2279 vasculum,
1046 2213 1075 2267 in
1093 2225 1145 2279 quo
1163 2229 1186 2269 s.
1206 2217 1294 2270 oleum
1310 2216 1394 2270 contl-

64 2316 138 2358 mum
161 2301 258 2356 intirml
279 2300 404 2364 laalltum,
428 2310 488 2352 cum
509 2298 664 2352 secundario
682 2297 716 2351 ad
743 2299 865 2363 uebatur,
882 2299 915 2352 de
933 2297 989 2364 elus
1006 2299 1128 2352 manibus
1139 2300 1256 2356 excussit
1267 2306 1294 2356 et
1310 2303 1394 2359 horri-

64 2391 187 2454 aegrotos
213 2385 369 2440 alienandos
393 2385 543 2438 institutum
570 2382 658 2438 tuerit.
683 2409 717 2420 -
744 2384 832 2439 liliter
850 2385 954 2449 eiulans
972 2385 1000 2438 ln
1018 2385 1140 2450 plorenesl
1158 2388 1302 2443 exstinctus
1321 2395 1369 2446 est

65 2474 185 2532 orooro.
202 2477 252 2528 dd.
273 2467 304 2524 2·
322 2471 409 2525 lotult
426 2471 506 2524 etlam
525 2469 617 2535 inungi
635 2469 716 2533 licite,
795 2464 864 2520 Hmc

64 2560 198 2626 adspectls
218 2559 374 2625 praesertin
404 2569 481 2611 casus
504 2554 715 2618 circumstantiis,
744 2552 1283 2627 pnaor.1·lcoroctaarcoouoarto
1301 2567 1393 2617 cetre-

65 2648 170 2702 scillcet
180 2647 283 2701 ratione
294 2644 385 2699 hatita
396 2645 430 2699 ad
440 2645 556 2698 locomm
565 2643 716 2697 distantmm
917 2655 996 2698 atam
1022 2645 1188 2717 aoattosem
1214 2646 1396 2712 aasctpteadt

65 2741 93 2788 et
111 2733 302 2788 dlldcoltatem.
339 2731 412 2798 pood
437 2733 507 2786 enlm
532 2730 717 2796 salvandum,
916 2733 949 2786 da
964 2731 1052 2798 praod
1067 2733 1170 2786 martta
1184 2733 1331 2798 pertractos

65 2822 146 2875 laeile
175 2821 204 2875 ot
233 2820 349 2886 licitum,
379 2819 507 2886 imprimis
536 2831 616 2874 causa
643 2818 717 2884 graui
874 2813 958 2874 Μ
972 2819 1102 2885 praattcr
1117 2823 1240 2883 peccent
1256 2825 1395 2884 parentes

65 2912 186 2973 urgente.
200 2904 242 2973 (¹)
276 2909 343 2973 llrgo
366 2908 525 2962 tenatius
548 2905 656 2960 minime
677 2909 718 2958 est
918 2904 967 2959 aet
992 2906 1125 2969 concoct,
1156 2907 1209 2970 pat
1235 2906 1393 2974 occalluerat,

66 2996 261 3062 inquietandos.
918 2993 1102 3046 sacramente
1128 2992 1210 3047 tilios
1237 2993 1401 3060 rcewtendi

119 3079 181 3136 806.
200 3108 234 3118 -
251 3083 284 3136 ll.
304 3079 395 3136 σαι·
413 3084 516 3144 opaca.
546 3075 575 3132 1·
591 3081 676 3143 Nepa,
696 3077 720 3131 sl
920 3080 1104 3134 occansonem
1121 3080 1185 3134 sata
1198 3085 1371 3145 praestaret

66 3168 163 3223 molier
187 3167 215 3220 ln
238 3169 289 3220 noc
310 3171 387 3232 partu
416 3167 597 3222 commonibus
618 3171 720 3219 tentum
877 3159 962 3218 3⁰Arr
976 3167 1106 3232 marites
1119 3171 1221 3230 peccet
1236 3170 1395 3234 pcrocoas,

67 3254 205 3308 doiorlloua
227 3251 401 3317 laboraverit,
425 3252 530 3306 etiarnsi
558 3251 642 3316 prima
663 3252 721 3306 uice
921 3252 950 3304 st
965 3264 1004 3304 cc
1020 3251 1215 3315 accinerato
1222 3255 1401 3318 parocdtartt

68 3344 184 3405 pareret.
221 3336 296 3392 ilatio
315 3342 370 3402 est,
396 3339 459 3405 quia
480 3351 532 3391 non
550 3337 635 3391 adlouc
652 3337 721 3403 peri-
922 3337 1032 3403 adspue
1048 3343 1179 3394 extremo
1196 3341 1334 3397 unedone
1350 3339 1397 3396 de·

67 3415 161 3480 cuinsa
180 3423 332 3478 infirmitate
349 3423 497 3477 lalooraloat.
519 3450 553 3460 -
577 3425 625 3478 lta
645 3436 722 3478 com·
922 3421 1044 3479 cedantl

66 3511 196 3567 maniter
220 3509 346 3572 tdeolopt
367 3520 433 3564 cam
457 3512 485 3562 s.
510 3510 570 3574 lla.
596 3521 625 3564 a.
648 3513 720 3565 713.
879 3505 910 3560 4⁰
924 3507 997 3572 outa
1013 3507 1055 3564 ad
1070 3513 1189 3566 casam!

68 3599 141 3652 llud.
171 3599 199 3650 d.
236 3589 266 3646 2⁶
292 3597 374 3649 secus
396 3607 475 3661 aero,
501 3595 524 3648 sl
548 3597 644 3650 muller
666 3599 721 3663 lam
1003 3594 1141 3650 Salutio.

68 3683 186 3748 coeperit
212 3680 375 3746 praruslmls
400 3686 427 3734 et
444 3682 658 3737 extraordinariis
675 3685 720 3739 do·
798 3677 1195 3746 808.-rt.ad1¹=paaes.
1227 3686 1395 3741 controuer-

71 3768 171 3822 loribus
199 3769 380 3834 contorqueri,
412 3771 450 3824 lta
479 3776 508 3824 ut
528 3772 584 3836 lam
605 3775 666 3824 actu
693 3772 720 3824 ln
746 3769 826 3824 tttur.
875 3769 977 3834 linpler
1006 3775 1046 3824 est
1081 3770 1212 3825 sententia
1241 3772 1392 3838 prooaollls.

67 3856 188 3922 proximo
205 3854 297 3908 mortis
313 3854 429 3918 periculo
452 3862 608 3912 versaretur.
646 3859 720 3913 ilatio
746 3859 859 3921 Neaaat
871 3859 900 3909 S.
915 3857 1046 3924 Thomas,
1061 3859 1191 3914 Btllaart
1205 3863 1234 3913 ct
1249 3859 1305 3914 altt
1320 3872 1395 3915 aom-

68 3949 155 4008 patet3
174 3947 238 3995 tnnc
255 3941 326 3995 culm
344 3953 436 3996 reuera
451 3941 506 4008 lam
517 3945 663 4008 periculose
681 3945 721 3998 ln·
748 3945 881 4008 mantas,
907 3945 960 3998 imo
983 3945 1187 4008 communiter,
1220 3947 1258 3998 ait
1280 3948 1308 3999 s.
1334 3945 1393 4012 Ltp.

68 4029 144 4081 firma
161 4029 265 4082 luisset.
285 4052 319 4064 —
337 4030 366 4082 S.
385 4028 446 4094 usp.
466 4028 535 4085 told.
747 4044 777 4085 rr.
798 4033 870 4084 733.
906 4031 958 4084 sed
977 4030 1065 4095 opinio
1084 4031 1242 4096 aspiratam
1258 4032 1337 4086 enixe
1354 4035 1396 4085 est

122 4109 183 4166 807.
202 4141 236 4153 -
254 4116 284 4169 li.
311 4113 353 4167 ad
370 4112 410 4170 ΒΕ
434 4118 536 4178 ouaes.
573 4119 717 4182 Nepattoe.
745 4117 891 4172 suadenda.
910 4144 944 4154 -
970 4119 993 4171 l'.
1015 4119 1109 4181 comp.
1129 4131 1157 4173 a.
1179 4121 1251 4173 692.

68 4201 144 4257 ilatio
165 4205 220 4267 est,
246 4201 308 4267 onia
330 4205 449 4257 extrem
479 4204 567 4258 unctio
589 4217 642 4259 uon
670 4206 721 4258 luit
798 4199 904 4256 809.-
921 4205 951 4258 li.
967 4201 1056 4257 aelle
1072 4205 1174 4266 osaea.
1205 4204 1393 4270 Ammodios,

69 4288 190 4342 instituta
214 4299 260 4352 pro
282 4289 526 4353 benevalentibus,
549 4290 596 4343 sed
614 4303 661 4356 pro
680 4291 719 4343 lu·
745 4289 840 4344 saltem
858 4290 960 4356 ouotiea
978 4291 1077 4355 aegroti
1095 4292 1205 4356 cupiunt
1221 4291 1290 4346 illud
1308 4303 1395 4344 sacra·

69 4373 152 4427 tirmis
163 4377 275 4438 tantum,
288 4377 318 4428 ut
328 4379 402 4440 patet
414 4387 448 4429 ex
459 4376 547 4431 uerlols
558 4379 586 4430 S.
600 4377 718 4432 Jocool:
747 4377 862 4430 mentom
874 4375 1016 4442 suscipere,
1031 4378 1075 4432 rel
1088 4381 1224 4443 cuperent,
1242 4379 1266 4430 si
1276 4369 1395 4440 de'prsvl

73 4480 194 4490 -··
745 4476 793 4519 suo
811 4464 928 4528 periculo
941 4464 1151 4519 admonerentur.
1179 4465 1253 4522 llatlo
1272 4476 1306 4517 ex
1323 4463 1395 4528 prin-

71 4512 720 4650 (¹)p{’r?,⁰.b‚etiigl,neqnor¹lthanncsIoIrrIomIithIl'unIf'It
746 4549 814 4614 cipio
832 4550 951 4616 generali
963 4551 1081 4605 multatis
1093 4551 1239 4604 deducitur.
1267 4553 1396 4606 Tenemur

105 4655 133 4706 in
152 4652 221 4705 diem
234 4652 357 4707 ridentur
368 4654 487 4708 morituri
501 4655 579 4709 etlam
596 4657 653 4709 sine
665 4657 718 4710 alla
746 4637 817 4691 enim
829 4635 878 4690 ⁵⁰¹¹
895 4638 978 4702 Μ’
997 4637 1115 4704 ⁹¹⁰¹¹¹¹¹⁰
1125 4637 1255 4701 ¹⁰⁶¹⁸⁸¹¹²¹
1266 4633 1395 4690 mulum

106 4721 290 4776 infirmitate.‘⁸
326 4725 365 4777 lta
383 4724 431 4778 rit.
451 4725 528 4779 liam.
557 4725 599 4788 (ll.
620 4725 698 4790 edit.)
746 4725 883 4791 spirituale
912 4723 990 4779 vaide
1017 4723 1131 4780 notabile
1158 4726 1308 4789 praestare,
1336 4731 1397 4775 cum

1121 4809 1189 4875 37*
