3176 4994
487 181 526 236 DE
545 176 768 234 iuiouiididiis
786 179 980 234 tietuinioiiii.
1344 183 1395 240 diii

72 323 295 387 consanguineam
313 321 341 374 in
358 321 474 374 seeundo
492 319 574 384 gradu
593 328 651 372 enm
664 317 722 371 ca·
749 319 789 368 est
810 327 906 370 nouum
928 318 1038 372 iibini
1059 320 1261 376 matrimonium.
1297 321 1328 378 2⁰
1351 328 1396 380 dn

73 410 229 472 therina,
257 411 285 461 et
313 418 372 462 euna
397 406 563 460 Biandina
591 405 618 458 in
645 401 722 456 tertio
748 401 856 466 copem
873 403 964 458 dicito.
1003 404 1105 459 Etenim
1121 407 1258 463 dioinns
1275 422 1322 476 per
1339 421 1394 465 ma·

73 499 194 561 querum
212 494 366 560 attingente.
749 489 899 543 trimoninm
917 501 976 544 eum
994 490 1155 545 Biandina
1176 501 1393 561 eonsummatum,

125 577 195 633 fluo
749 577 779 627 ut
804 575 972 641 supponitur,
1000 578 1130 633 edumarii
1156 579 1310 636 arduitatem
1335 599 1394 640 eum

74 663 723 736 Quaer.1·poomodoconnatamroape·
751 662 871 715 nmnibus
900 665 1101 728 eonsengnineia
1130 666 1228 722 uxoris.
1277 669 1398 728 tinnites

248 751 407 808 dementem
426 750 602 818 ostinttotiai
751 752 838 803 antem
856 760 889 803 er
906 750 1073 805 matrimonio
1096 762 1194 806 senex
1212 755 1308 817 eopnia
1324 756 1399 812 iieita

203 836 288 896 Prin
305 833 723 900 naitdamsueritdupierdi·
750 835 909 899 proveniens
938 836 1037 891 dirimit
1065 838 1098 891 ad
1125 844 1247 904 quartum
1269 842 1398 908 gradum,

248 927 324 981 dimi
342 924 526 990 coutupiumi
750 932 812 986 ergo
843 921 944 977 dirimit
973 924 1167 980 matrimonium
1197 927 1311 981 diuini
1338 941 1399 984 eum

206 1009 237 1066 3⁰
251 1009 324 1076 θεία
340 1023 416 1076 nero,
437 1013 466 1066 ai
481 1009 625 1066 ditione
641 1009 725 1074 priate
751 1007 887 1072 Auatha,
906 1009 1034 1077 siquidem
1052 1011 1118 1064 iraee
1135 1013 1186 1066 init
1203 1017 1397 1080 enneanpuinea

249 1099 468 1155 matrimonium
498 1108 558 1151 mon
593 1107 725 1150 eomm-
751 1094 778 1147 in
806 1099 897 1160 puarto
916 1097 999 1162 prada
1021 1108 1080 1151 eum
1103 1097 1286 1165 blandina,
1315 1113 1400 1156 uxore

248 1187 378 1240 mandeti
752 1181 835 1245 prima
856 1182 976 1237 tinini.
1013 1184 1081 1249 iirgo
1103 1185 1183 1237 etiam
1205 1197 1239 1239 ex
1260 1187 1308 1240 iiia
1324 1193 1401 1252 parte

331 1267 470 1325 Soiniio.
751 1271 803 1320 stat
824 1268 1050 1334 impedimentum.
1085 1272 1152 1336 tirso
1175 1271 1273 1337 duplex
1295 1273 1399 1340 dispen-

128 1354 188 1410 oio.
203 1385 236 1395 -
254 1360 286 1413 ii.
306 1355 350 1412 ari
363 1358 399 1410 im
421 1360 522 1420 dudem
553 1351 726 1417 impedimen·
751 1354 820 1407 satio
849 1368 865 1409 n
890 1356 964 1410 omia
989 1358 1103 1412 Romana
1130 1358 1272 1413 oodnenda
1299 1367 1340 1414 est
1365 1362 1398 1413 ad

74 1451 132 1499 turn
155 1443 292 1499 eiiniintis
315 1444 478 1497 contrahitur
501 1455 534 1497 er
555 1440 652 1503 eopnia
670 1449 726 1491 tar·
752 1441 946 1496 matrimonium
964 1443 1031 1497 iiiut
1048 1445 1277 1499 eouuaiidandum.

73 1533 133 1586 naii
154 1533 209 1586 niue
233 1530 322 1594 iioita,
348 1532 405 1584 sive
422 1531 532 1592 liiidie,
555 1528 625 1581 inter
644 1535 725 1579 unum
804 1526 864 1581 973.
886 1553 919 1567 ·-
936 1531 968 1584 ii.
990 1528 1033 1584 ati
1048 1528 1088 1584 3²
1106 1534 1208 1594 ouant.
1242 1535 1271 1588 in
1289 1545 1320 1587 eo
1337 1546 1401 1588 etun

72 1632 110 1674 ex
128 1617 255 1683 enpuiatis
274 1619 301 1670 et
318 1619 528 1682 consanguineos
550 1613 675 1674 atterius,
699 1611 727 1662 et
752 1611 851 1678 dnpiex
877 1614 1092 1681 impedimentum
1118 1617 1272 1683 haberetur,
1299 1619 1402 1675 soiiteet

71 1707 133 1758 viee
151 1715 236 1759 verse.
274 1703 302 1757 si
319 1703 458 1770 proueniat
474 1716 508 1757 ex
526 1702 620 1766 eopuia
643 1699 725 1763 imita,
753 1699 888 1754 uiduitatis
905 1715 939 1756 ex
951 1705 1045 1769 eopuia
1057 1704 1159 1767 illinita,
1181 1706 1218 1758 uti
1236 1703 1333 1759 dietum
1351 1712 1401 1768 est,

73 1791 177 1846 dirimit
194 1789 391 1845 matrimonium
409 1790 442 1844 ad
461 1795 581 1855 quartum
600 1785 724 1851 gradum
753 1790 781 1840 et
801 1786 947 1843 honestatis
968 1791 1107 1856 pontione,
1139 1792 1197 1847 ineo
1222 1793 1402 1857 impedimenti

71 1879 98 1931 si
116 1890 178 1932 uero
196 1877 295 1932 orimur
307 1889 340 1930 ex
353 1877 448 1944 nnpnia
459 1877 562 1940 illinita,
582 1873 682 1927 dirimit
693 1869 726 1923 ad
753 1871 890 1928 uiduitatis
902 1887 936 1928 ex
947 1877 1043 1940 eopnia
1055 1877 1139 1942 linita,
1157 1881 1257 1944 pariter
1273 1880 1308 1934 ad
1325 1891 1403 1946 puar-

72 1966 220 2020 seeundum
245 1962 354 2031 madum
380 1970 490 2020 tantum.
515 1988 549 1999 -
580 1961 603 2015 i.
628 1961 724 2022 comp.
754 1965 809 2014 turn
827 1960 937 2028 meduna
956 1961 1113 2017 dirimentis.

72 2067 106 2107 m.
128 2055 200 2108 810.
222 2053 296 2105 att.

128 2137 189 2191 971.
216 2163 250 2174 —
274 2138 304 2191 ii.
332 2133 375 2190 mi
393 2135 431 2188 2¹²²
458 2138 559 2199 omues.
598 2129 627 2186 1·
653 2135 728 2187 vaiet
933 2126 1082 2202 OASUS
1104 2132 1222 2201 XVfl,

72 2225 187 2290 primum
222 2223 334 2278 diuini
369 2223 564 2275 mauimonium
592 2231 639 2274 eeu
667 2231 726 2272 eum

72 2311 241 2364 Biandine
268 2311 439 2361 contractum.
485 2308 560 2364 iiatin
587 2313 639 2370 est,
666 2305 726 2370 onia
904 2271 1155 2328 mmm
1186 2272 1246 2342 (Ψ)

74 2395 178 2450 uuiinm
197 2393 338 2448 intermedii
353 2393 390 2445 iiii
408 2392 623 2455 impedimentum
641 2391 727 2445 amni·
807 2384 1088 2444 l'i’auiusnrorem
1101 2392 1357 2464 nebetiiertianrn,
1377 2407 1404 2455 et

73 2480 148 2534 tatia.
167 2481 270 2536 Etenim
287 2479 428 2534 diuinus
445 2489 501 2532 rem
514 2477 618 2544 quidem
635 2467 729 2531 nainit‘
755 2475 909 2528 i’auiinne
937 2475 1119 2542 Bertinam,
1154 2493 1270 2537 sororem
1300 2487 1401 2541 ianii.

74 2577 137 2620 eum
172 2564 369 2630 catherina,
405 2564 589 2619 uiandtnne
616 2575 727 2618 ennean-
753 2561 862 2615 iioritur
895 2561 1018 2615 Paulus
1052 2563 1133 2618 simui
1169 2579 1228 2622 eum
1258 2571 1401 2627 Bertina.

76 2651 189 2717 guinem
220 2649 267 2706 sed
294 2653 360 2706 innee
384 2651 519 2716 sanguinis
544 2650 726 2717 propinquitas
753 2648 829 2702 iidui
847 2651 1001 2715 superstites
1019 2651 1109 2706 solatii
1131 2665 1210 2707 causa
1234 2657 1340 2721 nuptiae
1363 2661 1403 2712 in·

75 2738 189 2790 iradetur
205 2741 307 2792 tantum
325 2739 353 2792 in
371 2739 448 2794 tertio
466 2740 547 2804 gradu
565 2739 649 2792 mixto
666 2750 726 2792 enm
753 2740 794 2788 ter
811 2748 841 2788 se
859 2736 959 2790 ineunt.
997 2740 1098 2792 iiortua
1116 2743 1204 2794 autem
1225 2753 1293 2796 noua
1310 2757 1402 2810 uxore,

76 2824 203 2887 seeundo,
223 2836 270 2880 sen
289 2826 318 2878 in
334 2825 413 2880 tertio
430 2825 512 2891 gradu
532 2837 564 2878 ex
582 2838 635 2880 una
652 2831 727 2892 parte
753 2823 877 2876 Bertira
893 2823 1004 2889 seilicet,
1023 2825 1181 2880 Paulinus
1195 2832 1329 2893 sponseiia
1341 2844 1403 2886 eon-

77 2915 105 2964 et
123 2910 238 2965 seeundo
255 2924 289 2966 ex
310 2914 409 2978 attera,
433 2914 452 2966 i.
472 2925 511 2978 e,
535 2920 565 2966 ut
588 2913 674 2978 aiunt,
699 2913 727 2965 in
754 2909 904 2963 traditenm
916 2911 1043 2974 Sylvii,
1063 2925 1173 2978 tuntum
1185 2923 1285 2980 peceat,
1305 2919 1341 2981 et.
1354 2920 1404 2975 ime

76 2997 155 3052 tertio
178 2999 260 3064 gradu
291 3001 437 3066 attingente
465 3000 618 3054 seeundum.
660 2998 727 3064 Ergo
754 2997 890 3061 neglecta,
912 2997 1107 3053 matrimonium
1126 3012 1185 3054 oum
1205 3001 1342 3068 liertiae,
1361 3016 1402 3056 so·

76 3085 201 3140 mniieree
227 3087 290 3140 iiiae
316 3092 378 3140 sunt
400 3086 554 3152 simpliciter
571 3087 728 3152 enneangoi·
754 3094 813 3136 rore
831 3083 982 3148 sytriae,
1001 3086 1140 3140 contrahit.

77 3183 145 3224 neae
162 3171 190 3224 in
208 3173 285 3226 tertio
302 3173 395 3237 mado,
418 3184 478 3226 enm
496 3171 593 3238 gradus
610 3174 638 3225 in
656 3173 727 3226 iinen
806 3168 837 3222 2⁰
863 3172 1024 3236 caeparos
1051 3173 1244 3227 matrimonium
1274 3177 1405 3231 contrahit

77 3257 212 3323 inaequali
234 3269 267 3311 ex
290 3262 364 3322 parte
383 3258 516 3312 remotiori
540 3258 661 3322 astipite
678 3271 727 3312 nn·
755 3268 813 3310 eum
844 3258 976 3323 Angeia.
1027 3259 1242 3323 conparium,
1270 3262 1405 3325 cespari

77 3346 220 3398 merentur.
257 3344 323 3409 drgo
347 3342 483 3399 ditinue
507 3355 559 3398 non
582 3349 623 3397 est
641 3343 727 3398 amnis
754 3343 844 3408 irater,
862 3343 1062 3399 interveniendo
1080 3346 1179 3411 nuptiis
1197 3358 1286 3400 amore
1301 3349 1404 3412 eapitur

77 3441 138 3484 anm
150 3430 325 3493 iiiandina,
345 3429 397 3482 nini
410 3431 437 3483 in
450 3431 528 3484 tertio
539 3431 632 3495 mado.
650 3432 727 3497 Atqui
755 3430 949 3495 ingenuae,
968 3431 1110 3496 ingeiae
1122 3443 1222 3495 sorore,
1236 3433 1313 3500 eique
1324 3436 1404 3500 penio

79 3515 194 3570 amnites
212 3527 247 3569 ex
264 3516 358 3581 eopuia
377 3515 471 3569 iiiieita
488 3527 539 3570 non
557 3517 656 3571 dirimit
673 3530 727 3572 ma·
755 3520 813 3582 post
834 3517 985 3574 annuarum
1011 3517 1119 3571 taedere
1141 3517 1268 3583 iungitur.
1305 3522 1404 3576 Anxius

79 3601 241 3667 trimonium,
254 3601 304 3656 nisi
317 3602 349 3656 ed
365 3602 507 3657 secundnm
525 3603 648 3668 gradum
666 3616 729 3668 ergo
755 3609 843 3657 autem
872 3606 964 3667 postee
994 3605 1026 3657 de
1056 3604 1215 3658 matrimonii
1243 3606 1283 3658 eui
1313 3609 1404 3662 valore

79 3687 276 3743 matrimonium
302 3689 414 3744 Albini
442 3688 569 3743 uiduitate
592 3701 644 3744 non
666 3691 728 3744 diri·
755 3689 865 3743 dubitat.

79 3773 168 3827 mitur.
204 3776 271 3839 argo
289 3775 369 3830 vaiet
806 3770 876 3826 Bran

132 3859 193 3918 eit.
213 3858 728 3919 -20i1temmveroiiibinimatri
756 3858 874 3929 Quaen.
887 3857 916 3913 1·
929 3858 1004 3923 outo
1026 3859 1062 3915 de
1084 3860 1197 3928 duplici
1215 3866 1403 3922 matrimonio

79 3949 194 4003 moniam
218 3948 363 4004 inualidum
380 3954 434 4013 est,
459 3953 486 4002 et
506 3949 610 4016 puidam
629 3964 662 4005 ex
680 3951 727 4003 du·
926 3950 1075 4004 Paulini
1091 3952 1123 4004 in
1137 3951 1347 4014 primocasu?

77 4037 144 4102 piiei
172 4038 287 4100 ratione,
320 4035 422 4090 seiiieet
450 4037 482 4089 oin
513 4036 726 4102 impedimentum
883 4028 1403 4104 2⁰moaitdecomroneriteaapo·

78 4122 217 4177 aitiniiatie
238 4129 293 4178 turn
318 4136 352 4178 ex
369 4124 465 4187 oopnia
480 4122 588 4186 illicita,
616 4128 670 4178 tnro
693 4137 726 4178 er
927 4123 1037 4176 rimus
1059 4122 1241 4179 insecundo
1262 4137 1349 4189 canu,
1374 4131 1403 4179 et

78 4211 174 4273 eopuia
192 4209 273 4266 licita.
305 4205 336 4265 1⁰
352 4211 396 4265 de
414 4211 521 4274 copam
538 4211 653 4265 iiiicttu.
683 4214 726 4265 dt
926 4220 967 4262 om
984 4211 1068 4272 puter
1085 4213 1114 4263 et
1128 4207 1209 4272 mitam
1221 4210 1398 4276 ducerepoe·

79 4298 151 4351 enim
186 4295 326 4352 dibinue
361 4297 480 4362 peccauit
515 4308 574 4351 eum
605 4298 726 4352 catina·
925 4296 987 4349 tint
1003 4295 1095 4349 sitnm
1109 4302 1233 4351 matrem
1247 4302 1276 4351 et
1290 4295 1400 4360 fitium

79 4387 164 4450 rint,
202 4383 397 4448 eonmngniner
432 4385 460 4437 in
493 4385 608 4439 seeundo
643 4386 726 4451 gradu
925 4386 981 4435 nat
995 4380 1076 4445 filim
1086 4389 1219 4448 matrem,
1235 4389 1402 4448 puteroero

80 4471 239 4537 dentiae,
260 4481 345 4523 novae
362 4482 426 4524 suae
444 4472 542 4526 uxoris.
565 4473 642 4538 ttoni
659 4473 726 4527 iraee
925 4467 1033 4524 tilium

79 4560 181 4624 speeies
216 4555 351 4611 affinitatis
381 4557 413 4609 ad
444 4558 587 4613 seeundum
616 4558 725 4624 madum
1007 4550 1146 4609 Salutio.

80 4643 188 4698 dirimit.
230 4645 295 4707 Ergo
315 4644 369 4708 tam
393 4655 426 4698 ex
449 4646 498 4700 iane
524 4648 598 4708 parte
624 4646 725 4701 irritum
806 4639 866 4699 974,
889 4667 922 4680 -
944 4644 974 4697 d.
1002 4640 1046 4695 ed
1073 4642 1109 4696 1²
1135 4645 1238 4705 dumea.
1276 4636 1305 4691 1·
1326 4641 1401 4696 iiaiet

134 4735 205 4789 (turp,
218 4733 290 4786 Caene
302 4737 463 4779 pededentim.
1147 4723 1192 4789 40
