3176 4994
175 153 225 210 6³6
585 154 623 206 DE
642 151 864 207 iiivitmiieiiris
882 153 1076 208 uiviiii0liii.

172 295 228 346 sine
250 292 362 356 pnrocho
385 302 443 343 sese
464 290 610 355 receperint
633 291 661 344 lu
687 291 816 356 iugiiem,
844 292 871 344 ln
884 289 1032 352 lloiiautlia,
1051 290 1079 343 ln
1092 287 1225 352 zeianvlls,
1245 291 1271 342 in
1287 289 1372 346 Frisis
1389 293 1419 342 et
1437 300 1503 344 cou-

171 377 216 432 uhi
237 377 328 440 puelia
350 377 436 431 atlhuc
458 388 534 430 suunt
561 381 710 432 servaverat
737 377 817 432 iomi-
843 375 984 431 foedemus
1002 375 1159 440 provinciis,
1179 376 1206 427 in
1225 375 1327 440 Belgio,
1351 379 1381 432 ln
1400 376 1504 429 ducatu

170 461 268 525 cilium,
284 467 410 529 attamen,
423 463 588 518 matrimonio
603 467 746 529 contrecto,
765 467 819 517 sta·
843 462 1030 526 Luremhurpi,
1049 461 1076 515 in
1094 459 1158 516 urhe
1178 461 1336 527 iieuevensi,
1360 464 1391 516 iu
1410 462 1504 516 insuia
1575 449 1576 456 '

170 549 216 602 tim
237 549 349 602 iiaillam
367 555 486 614 repetere
503 555 700 614 proposuerunt.
845 552 907 605 lino
925 549 1100 614 archipelagi,
1129 549 1157 603 ln
1179 551 1234 603 toto
1254 551 1444 614 archipeiago,
1476 551 1503 602 in

223 627 292 687 Hmo
845 635 964 690 ecelesiis
990 636 1126 690 catholicis
1154 624 1381 701 constantinopoli
1409 649 1443 689 sc
1477 637 1504 687 in
1575 617 1576 656 ⁷

171 715 290 788 Quaen.
302 718 332 773 1⁰
344 723 378 776 lvv
395 734 453 788 pao
471 725 615 778 consistat
632 720 817 787 tmpeotmes-
844 722 968 776 suhurhio
987 721 1014 774 in
1032 723 1151 776 ecclesiis
1167 722 1312 785 catholicis,
1331 723 1358 776 iu
1371 721 1502 775 lllhernla

343 813 404 862 tum
423 805 693 864 clandestiuttotts?
844 810 930 876 puoail
956 811 1045 874 piures
1069 809 1216 873 dioeceses,
1248 809 1275 862 in
1297 808 1421 874 plurihus
1442 819 1505 871 pro

303 891 334 948 2⁰
345 895 379 948 lu
401 895 573 960 polluctum
600 895 674 948 lecte
689 893 818 958 publico·
845 898 938 952 vinclis
956 895 1060 962 imperil
1077 893 1196 958 russlaci,
1216 893 1287 959 epoti
1303 895 1455 950 ilhutenos.

344 984 455 1036 messit
463 979 610 1036 decretum
627 981 746 1036 couctiil
761 982 819 1035 Τη-
896 980 926 1036 2·
952 984 1009 1038 lion
1031 985 1072 1036 est
1098 977 1258 1046 publicatum
1283 981 1310 1034 in
1328 983 1444 1046 Augila,
1478 982 1504 1033 in

344 1064 460 1122 devotiori
485 1069 568 1122 circo
594 1066 818 1126 elundmttulto·
845 1070 945 1132 scotia,
972 1069 1000 1122 in
1022 1069 1157 1124 nonnuliis
1179 1066 1319 1122 liihemlae
1341 1068 1504 1133 provinciis,

343 1156 416 1208 tems
845 1157 872 1210 ln
890 1157 1012 1212 llorussia
1029 1154 1119 1210 stricte
1136 1154 1215 1217 uicta,
1236 1153 1264 1206 in
1280 1154 1453 1218 i’omeranla,
1478 1157 1504 1206 ln

300 1237 331 1292 3·
344 1241 417 1303 outo
428 1238 463 1294 de
474 1239 629 1298 volomtate
640 1241 822 1296 motrhnoutt
845 1243 970 1307 saxonia,
989 1242 1018 1296 ln
1034 1242 1139 1306 suecia,
1158 1239 1336 1305 argentomo,
1354 1239 1391 1291 iu·
1404 1240 1506 1304 pleris-

344 1329 376 1382 to
393 1332 516 1392 atropos
532 1329 624 1383 cocu?
845 1344 895 1398 que
912 1329 1050 1384 lleivetlae
1067 1326 1217 1395 provinciis,
1237 1328 1264 1380 iu
1275 1325 1368 1391 hunis,
1388 1326 1418 1379 lu
1436 1327 1503 1380 lior·

425 1409 561 1468 Soluiio.
845 1419 938 1485 erepla,
956 1417 986 1470 in
1002 1415 1154 1480 regionibus
1171 1414 1361 1468 haereiloomm
1382 1419 1412 1467 et
1429 1415 1503 1468 schi-

224 1498 301 1555 1009.
328 1525 361 1537 -
383 1503 414 1555 il.
442 1497 485 1554 ad
510 1501 546 1553 1¹²
572 1502 674 1564 ouaes.
723 1501 820 1555 Dicitur
845 1505 1013 1559 smstlcomm
1030 1503 1079 1557 suh
1099 1501 1199 1556 tiltloue
1217 1499 1316 1555 tancies
1335 1501 1503 1565 autpersica

171 1587 363 1642 clandestinum
375 1587 578 1651 matrimonium,
594 1585 820 1655 puotlceiehratur
845 1595 1007 1657 aliorumque
1026 1587 1180 1643 infidelium.

172 1675 425 1742 chspueprsesentia
433 1674 540 1739 parochi
549 1679 576 1728 et
585 1673 817 1728 unorumtestiuu.
896 1675 927 1732 3⁰
944 1674 1053 1730 iiuhlum
1072 1684 1134 1728 vero
1153 1677 1206 1740 est,
1227 1677 1312 1728 utrum
1330 1671 1501 1736 publicatum
1575 1667 1576 1750 ,

171 1761 364 1816 iiatrimonlum
392 1759 584 1815 clandestinum
620 1760 737 1815 vailtlnm
763 1762 820 1813 erat
844 1763 969 1819 merleia
992 1761 1129 1824 vuachic,
1159 1762 1187 1815 in
1210 1759 1346 1824 liuigaria,
1374 1759 1499 1820 Bremae.

171 1855 233 1902 ante
259 1846 406 1901 concilium¹
424 1845 509 1911 iria,
538 1845 601 1900 linet
626 1845 742 1912 praviter
766 1845 820 1900 iiil-
844 1852 872 1904 ln
890 1850 987 1904 circuio
1004 1847 1143 1902 senoniae.
1174 1849 1298 1901 servatur
1314 1851 1415 1906 anum,
1437 1843 1501 1899 licet

171 1935 261 1988 cltum.
301 1933 517 1998 impedimentum
544 1933 761 1988 claudestiniiatis
786 1933 819 1986 ah
845 1937 925 1992 unhie
943 1935 1145 2002 promulgatum,
1166 1933 1199 1986 ah
1218 1933 1420 1987 immemorabili
1435 1944 1501 1986 oon·

171 2021 228 2086 ipso
251 2019 362 2074 concillo
385 2022 510 2074 statutum
529 2024 582 2083 est,
607 2024 636 2072 ut
660 2024 764 2074 constat
786 2034 820 2075 ex
845 2023 984 2078 suetutiine
1001 2022 1071 2087 apud
1089 2019 1232 2075 catholicos
1247 2019 1498 2083 inlramspivania,

171 2119 243 2162 sess.
264 2108 314 2162 24.
334 2118 359 2160 c.
381 2109 407 2160 l.
428 2104 464 2160 ue
479 2105 597 2172 reform.
616 2109 703 2162 matr.
731 2107 821 2162 iioiult
846 2113 873 2165 in
890 2109 1021 2175 Buigaria,
1040 2109 1068 2162 in
1080 2107 1213 2172 iaiaohle,
1233 2107 1270 2160 itt
1289 2109 1318 2160 ni
1330 2105 1496 2159 matrimonia

171 2199 260 2246 temen
277 2198 368 2247 sancta
386 2193 509 2258 synotins,
531 2198 562 2248 ut
579 2193 712 2249 ilecretum
730 2195 819 2250 ‹lecer-
845 2197 1032 2253 catholicorum
1061 2200 1193 2262 umquam
1228 2194 1304 2246 nulla
1338 2193 1490 2254 hahecntur,
1575 2243 1576 2254 ,

170 2291 236 2332 neus
259 2279 327 2332 hanc
348 2280 521 2335 irritationem
545 2281 599 2335 vim
622 2280 743 2346 haberet,
767 2283 819 2336 uisi
846 2286 908 2339 unm
931 2282 1063 2338 connuhio
1085 2280 1274 2334 haereticorum
1297 2283 1325 2332 et
1349 2277 1493 2333 schismati·

170 2371 229 2431 post
254 2363 290 2420 30
315 2367 372 2421 illes
398 2367 430 2420 ah
460 2367 533 2421 lilius
556 2367 765 2432 promulgatione
791 2369 818 2422 iu
845 2383 947 2435 corum,
967 2371 1025 2426 slve
1042 2368 1173 2422 connuhio
1192 2366 1287 2430 mixte,
1311 2367 1403 2420 vailua
1419 2377 1497 2430 repu-

170 2465 325 2520 unapuapue
342 2455 475 2518 parochia.
505 2455 568 2508 Cum
587 2459 674 2509 autem
692 2456 720 2510 ln
739 2457 819 2511 variis
846 2464 942 2513 tantur.

170 2541 235 2593 locis
248 2551 389 2607 numquam
401 2541 594 2607 promulgatum
607 2542 695 2606 merit,
709 2543 818 2608 proinde

170 2627 271 2679 nuliam
297 2625 325 2680 ln
354 2628 409 2680 liiis
436 2627 515 2682 hahet
544 2627 697 2681 efficaciam.
726 2655 758 2667 -
794 2629 816 2684 i.
1072 2607 1103 2662 ²⁸
1120 2611 1154 2667 ΙΝ
1173 2611 1254 2664 Am·

170 2713 265 2777 comp.
287 2725 315 2767 n.
336 2715 409 2768 uto.
429 2718 459 2767 et
473 2725 534 2780 sep.
897 2714 973 2771 1011.
993 2741 1027 2752 -
1039 2715 1175 2780 Decretum
1187 2715 1367 2769 rriuemimm
1380 2715 1499 2778 promul·

223 2795 301 2852 1010.
322 2825 355 2836 -
373 2801 404 2854 R.
422 2797 465 2854 od
484 2797 522 2851 2¹²
545 2802 646 2863 voees.
673 2800 817 2854 universim
844 2808 935 2868 petum
958 2807 998 2856 est
1022 2801 1050 2855 in
1075 2802 1155 2856 inillis
1178 2800 1363 2862 orieutaiihns,
1398 2800 1426 2852 lu
1452 2811 1498 2853 ora

168 2888 289 2938 constare
306 2887 405 2951 nequit.
442 2888 473 2942 ln
491 2887 646 2952 quibusdam
666 2886 730 2942 iocis
747 2891 818 2941 certo
843 2887 1016 2951 Halaharica,
1041 2889 1069 2942 ln
1094 2889 1221 2943 vimrlstu
1242 2886 1391 2940 ionuieerli
1418 2895 1498 2952 atque

169 2973 362 3036 promulgatum
381 2976 429 3038 est,
448 2974 476 3026 lu
494 2973 555 3026 aliis
572 2984 635 3027 vero
650 2973 770 3039 minime;
789 2975 817 3026 lu
843 2977 871 3029 ln
889 2976 1012 3030 universa
1029 2987 1075 3030 ora
1088 2973 1312 3036 coromcnieilca,
1332 2973 1496 3027 caiecutiao

170 3057 230 3110 alils
247 3069 289 3112 res
306 3057 386 3111 inhia
402 3057 480 3122 iacet.
500 3061 554 3113 ilac
572 3059 606 3111 tie
617 3070 645 3112 re
663 3058 817 3114 exhibemus
843 3064 872 3118 iu
889 3063 996 3127 regium
1013 3062 1141 3128 liomhap,
1166 3062 1193 3114 in
1215 3058 1333 3126 pluribus
1351 3060 1498 3123 provinciis

169 3142 295 3196 tabellam
315 3143 493 3210 depromptum
512 3156 546 3198 ex
567 3155 647 3210 opere
664 3144 700 3199 de
716 3148 817 3200 motel-
844 3148 947 3214 imperii
965 3149 1087 3214 sinensls,
1108 3148 1136 3201 lu
1155 3146 1287 3202 lonchluo
1304 3145 1443 3207 orientali,
1471 3147 1498 3198 in
1573 3165 1574 3168 ¹

169 3231 267 3284 monto
285 3230 448 3285 chmtlauo
465 3242 486 3283 o
499 3233 528 3286 P.
548 3231 681 3294 renone,
700 3232 745 3299 qui
762 3242 817 3286 mc·
842 3235 967 3300 iaponia,
990 3235 1017 3289 in
1035 3237 1158 3300 liatnvia,
1184 3234 1212 3288 in
1235 3233 1359 3298 ileorpic,
1385 3234 1414 3285 in
1431 3231 1499 3286 iocis

169 3316 240 3370 ¹¹³1&
258 3316 396 3382 dfflltiissi
414 3321 441 3370 02
457 3318 546 3371 studio
568 3329 627 3371 tum
648 3317 731 3371 filulis
755 3330 818 3372 ort·
844 3325 937 3378 Terrae
954 3325 1067 3378 sanctae
1078 3323 1234 3388 nuncupatis
1252 3331 1299 3385 pro
1313 3317 1436 3373 ecclesiis
1448 3320 1499 3374 La·

168 3405 237 3458 ravit
258 3416 291 3458 ex
313 3404 471 3459 authenticis
493 3403 669 3469 documentis,
701 3403 734 3458 ah
758 3405 817 3470 ipso
843 3410 966 3474 tinomm,
986 3411 1121 3474 smpmae,
1140 3408 1168 3460 in
1186 3405 1297 3462 hatniia.

169 3495 276 3544 auctore
293 3497 416 3544 amurate
434 3490 556 3544 indicatis
570 3495 636 3544 tom.
652 3490 681 3543 2.
694 3503 723 3556 p.
739 3492 810 3545 23⁹.
895 3490 926 3546 2⁰
952 3494 1009 3549 lion
1037 3497 1089 3549 init
1113 3492 1277 3560 publicatum
1308 3493 1336 3545 ln
1366 3491 1500 3546 vicariatu
1572 3489 1573 3492 ’

168 3580 197 3628 0⁸
214 3589 273 3642 ³³01
844 3581 1014 3646 Sulmonensi,
1034 3582 1128 3635 saitem
1145 3593 1228 3646 mene
1246 3580 1280 3633 ati
1298 3590 1396 3632 anuum
1416 3575 1498 3640 1803,

845 3669 872 3723 iu
897 3668 989 3722 multis
1012 3668 1154 3732 provinciis
1180 3667 1283 3733 imperil
1310 3666 1441 3725 sinensls,
1472 3667 1501 3717 ln

375 3728 405 3785 ¹⁰
424 3733 457 3786 ΙΝ
475 3730 603 3786 Eum·
844 3754 994 3820 regionibus
1011 3754 1183 3808 orientalibus
1204 3753 1311 3808 (litionis
1334 3751 1453 3806 turcicae
1474 3757 1500 3804 et

221 3830 668 3891 1⁸1³nhiteatnmestruoentinnu
683 3835 816 3891 decretum
845 3841 971 3906 persicae,
990 3840 1022 3893 tle
1041 3840 1134 3904 quihus
1152 3841 1226 3894 nulia
1243 3837 1342 3893 mentio
1354 3839 1426 3892 iacta
1446 3843 1498 3902 est,

169 3921 196 3972 ln
214 3920 303 3982 italia,
327 3923 354 3975 iu
374 3923 471 3986 Gellia,
492 3923 519 3976 lu
537 3923 679 3986 iiispaule,
700 3925 728 3975 in
745 3923 817 3978 Lusi·
843 3926 938 3980 saitem
956 3927 1109 3993 generatim.

168 4005 249 4070 tanis,
268 4007 296 4059 ln
313 4007 429 4071 l’oionic,
450 4009 607 4072 inlustria,
627 4010 654 4062 lu
666 4007 770 4073 silesia,
790 4008 817 4060 ln
896 4011 926 4065 3⁰
943 4012 1054 4066 linhlum
1071 4025 1134 4068 vero
1153 4015 1194 4068 est
1210 4024 1257 4078 pro
1275 4011 1363 4075 Syris,
1389 4020 1437 4074 pro
1458 4012 1499 4062 pn.

168 4093 302 4157 liohemla,
322 4094 349 4145 in
366 4094 489 4161 locavit,
508 4097 536 4151 in
554 4095 695 4160 hungaria,
714 4095 818 4149 inllol·
844 4101 903 4153 suia
920 4101 1006 4165 cypri,
1025 4113 1071 4165 pro
1092 4111 1139 4154 ora
1159 4097 1318 4153 Maitharica
1335 4096 1383 4149 suh
1403 4095 1499 4162 aliquo

170 4181 247 4235 davia
264 4179 335 4234 inter
350 4182 508 4246 catholicos,
535 4183 560 4236 lu
578 4183 702 4238 iiaiachia
721 4184 818 4247 pariter
843 4191 973 4252 respectu.

168 4269 197 4322 ln
214 4266 331 4324 ecclesiis
349 4267 494 4332 catholicis,
515 4269 613 4334 nimae,
634 4271 661 4324 iu
674 4271 816 4325 electoratu

170 4353 328 4418 coloniensi,
346 4353 507 4417 iiopuntino,
528 4356 683 4422 trevirensi,
703 4357 731 4410 iu
744 4357 816 4411 iiloe·
1055 4337 1086 4394 3⁰
1104 4342 1137 4396 [Ν
1155 4337 1275 4395 fflffl·

167 4439 222 4490 cesi
239 4439 445 4500 iionasteriensi,
466 4439 493 4492 in
512 4440 606 4493 lucain
624 4443 768 4507 cliviensl,
788 4443 815 4495 ln
894 4447 1089 4511 eromuipatum
1116 4445 1198 4499 misse
1220 4443 1323 4497 vitietur
1345 4445 1498 4508 praelatum

169 4523 278 4578 lievarla
300 4529 393 4580 saitem
416 4525 443 4578 iu
467 4523 608 4588 primitivis
630 4526 687 4588 eius
709 4529 815 4591 provin·
843 4531 975 4586 decretum
988 4532 1085 4597 lripoll
1102 4531 1499 4587 inliarhariaseuilauritanln

169 4609 226 4673 alls,
241 4611 268 4663 in
280 4609 431 4675 franconis,
445 4605 473 4662 in
485 4609 629 4675 palatinatu
641 4611 813 4680 Neohuapieo,
842 4624 869 4672 et
895 4618 1009 4684 tharim
1037 4629 1089 4672 uon
1111 4624 1199 4673 autern
1223 4617 1340 4682 visorem
1362 4617 1443 4671 hahet
1468 4620 1499 4672 lu
