3220 5000
604 239 644 293 DE
662 235 760 292 statu
777 235 948 294 nntiuinso.
1387 237 1442 294 355

182 377 263 434 dist
288 377 419 434 Godtiia
441 381 512 432 recte
535 381 652 442 tempore
670 376 766 441 prona·
919 372 1003 432 3·Ao
1017 379 1161 439 porcam
1185 375 1248 430 eice
1267 386 1355 431 emto
1376 379 1443 432 reii-

109 467 194 522 tionis
220 466 360 532 procedat,
393 465 505 519 uirtutes
530 461 669 529 religiosas
695 463 767 517 coiat
962 464 1079 526 pionem
1096 460 1213 526 taprcdt
1226 465 1351 526 potam,
1369 462 1443 527 Mtte

19 561 25 569 “
110 559 140 609 et
157 554 301 608 novitiatus
312 550 476 618 praescripta
494 555 535 604 eat
552 551 693 614 diligenter
709 559 764 604 ser·
965 546 1164 611 todtpeatttoa
1180 547 1311 604 reucuei

110 647 170 703 set,
198 639 302 704 signum
327 639 465 694 induitione
488 638 594 693 diuinae
618 637 764 692 rocanonis
916 631 1000 690 Νη
1024 635 1116 690 ticeni
1141 635 1305 700 remouere
1330 634 1443 700 tronea

107 722 261 782 manebitur.
963 723 1020 774 ortt
1034 731 1152 775 amores
1169 723 1346 776 necessetate
1359 735 1442 786 prea-

962 818 1012 861 eoc
1028 804 1072 860 ott
1086 806 1255 872 sareptenam
1278 807 1441 874 iapredtett·

328 893 478 965 CASUS
500 893 544 961 V.
948 892 1051 956 ‚dumi
1074 911 1079 930 ι

235 1021 366 1078 vocauo
383 1018 549 1075 terrorest
566 1013 633 1080 (ι’).
916 973 947 1030 ⁶⁶
959 983 1001 1034 aa
1019 982 1097 1036 reno
1120 980 1211 1045 aperta
1230 980 1440 1037 rtoreoctoa

308 1123 386 1180 oden
403 1123 562 1180 amouens.
914 1148 946 1204 3·
956 1063 1439 1218 {Zugffizzmxxgrmw

161 1245 366 1311 Florentius,
394 1244 478 1299 uoniii
500 1254 597 1309 genere
624 1245 651 1294 et
679 1242 762 1295 aiacrt
962 1241 1018 1293 cite
1035 1251 1111 1304 patae
1128 1240 1160 1294 in
1178 1239 1268 1292 coeni

104 1331 217 1397 ingenio
232 1329 346 1395 iuvenis,
367 1331 498 1384 lucrosum
514 1339 611 1383 mouns
623 1327 764 1382 exercebat
1043 1318 1184 1377 solutio.
1289 1353 1292 1360 ·

103 1422 137 1471 et
160 1417 193 1470 de
213 1415 379 1470 matrimonio
407 1415 522 1469 feliciter
549 1414 665 1467 ineundo
691 1413 762 1477 con·
839 1407 1097 1468 85.-tt.od1=
1111 1411 1213 1472 θυαε.
1244 1408 1440 1464 filiusfamilias

105 1505 192 1557 tanat.
220 1503 324 1557 interea
337 1514 408 1566 vero,
427 1501 501 1566 graui
514 1501 762 1568 mammotreptus,
787 1501 944 1568 religionem
966 1498 1070 1564 ingredi
1093 1498 1185 1562 nequit
1203 1508 1257 1561 per
1283 1507 1329 1558 cc,
1357 1496 1439 1550 retiu-

104 1591 224 1644 instanta
245 1595 328 1643 morte
345 1587 430 1642 diuini
452 1586 546 1652 iudicii
562 1591 636 1641 meto
658 1587 762 1652 percul-
786 1589 890 1656 quenda
900 1589 1023 1653 parentes
1036 1587 1063 1638 in
1076 1583 1233 1637 necoesitate
1242 1582 1299 1636 site
1308 1591 1436 1645 muemn

102 1689 168 1743 sus,
204 1676 361 1742 religionem
391 1675 624 1730 carthusianorum
657 1673 761 1738 ingredi
786 1676 844 1732 siue
862 1677 946 1742 graui.
983 1676 1080 1735 secus,
1101 1671 1124 1723 si
1147 1669 1176 1723 io
1192 1669 1350 1723 necessitate
1368 1679 1440 1722 com·

103 1768 201 1827 vovet,
224 1763 247 1817 si
264 1763 439 1818 eonuaiuerit.
476 1759 630 1816 tatetudioe
647 1760 761 1814 subinde
787 1764 860 1818 muni
884 1765 987 1815 tantum
1009 1760 1155 1814 uersentur.
1192 1757 1236 1810 stc
1260 1759 1288 1808 S.
1315 1756 1439 1810 Ttoetoa

104 1852 227 1914 recepta,
254 1853 343 1904 uotum
367 1848 573 1914 adimpleturus,
600 1846 668 1901 titud
690 1847 760 1912 patri
787 1851 816 1904 2.
844 1850 874 1902 2.
900 1861 927 1912 p.
955 1848 1026 1901 189.
1054 1847 1112 1900 ort.
1139 1847 1186 1897 d..·
1212 1841 1388 1908 „Parentibus
1410 1843 1438 1895 in

103 1947 156 1989 auo
175 1935 335 1990 manifestat.
372 1935 421 1989 lite
438 1939 541 2000 autem,
560 1935 616 2000 poi,
635 1933 760 1999 patrimo·
787 1935 967 2002 „necessitate
977 1929 1222 1992 exsistentibustta,
1236 1930 1304 1995 quod
1315 1928 1354 1982 eis
1367 1940 1440 1982 com·

104 2022 153 2076 nto
172 2021 328 2086 dilapidato,
348 2022 382 2077 ad
400 2023 515 2087 inopiam
528 2021 656 2088 uergebat
673 2033 759 2086 spem·
786 2021 887 2090 „mode
905 2021 999 2084 aliter,
1022 2029 1101 2086 onam
1123 2031 1171 2084 per
1193 2018 1348 2083 obsequium
1371 2015 1440 2070 diio-

104 2120 159 2176 que
182 2121 287 2163 omnem
309 2110 349 2164 rei
372 2109 512 2164 tantitarts
534 2107 713 2164 restituendae
732 2108 759 2160 tn
787 2121 875 2176 „rum,
895 2107 1031 2164 subveniri
1049 2117 1102 2159 non
1121 2105 1213 2172 possit,
1232 2117 1285 2158 non
1298 2105 1361 2158 ticet
1377 2102 1439 2156 iiltts

101 2195 161 2250 sstio
183 2201 351 2263 reposuerat,
376 2197 439 2253 totis
460 2195 560 2251 viribus
583 2207 759 2250 eumaeus·
786 2195 992 2263 „praetermisso
1002 2195 1141 2258 parentum
1151 2190 1437 2257 omepotorettptooen

102 2283 598 2349 ceptopmpoaitoremouereeonator.
612 2281 756 2348 „titende
784 2284 916 2349 „intrare
953 2283 982 2335 Si
1003 2293 1068 2337 vero
1085 2292 1138 2334 non
1156 2280 1210 2334 aiot
1233 2277 1262 2331 in
1280 2279 1330 2333 tali
1345 2289 1436 2332 uenea-

102 2369 200 2435 „itit“‚
219 2373 267 2436 ait,
285 2370 377 2438 ,nond
395 2381 445 2436 ego
461 2370 517 2436 iarn
529 2369 607 2424 senui
623 2373 652 2422 et
668 2367 759 2422 tabttis
783 2373 895 2438 „sitate,
913 2373 943 2424 ut
960 2368 1075 2423 nitorem
1091 2365 1217 2432 demonio
1233 2366 1346 2421 multum
1367 2365 1436 2420 todi·

102 2461 172 2523 „ast
193 2469 268 2512 meae
290 2459 415 2512 romonae
435 2461 529 2511 statue.
571 2456 654 2510 cerne
677 2453 758 2508 etiam
783 2462 896 2525 „petat
914 2459 1024 2524 possum
1036 2454 1221 2519 praetermisso
1239 2457 1378 2519 parentum
1390 2451 1435 2508 ot·

102 2543 251 2610 ,miseram
270 2543 448 2600 conditionem
471 2543 560 2598 irotrts
584 2543 623 2596 toi
641 2542 756 2608 matoria,
785 2546 897 2610 „sepeio
917 2541 967 2596 ntit
984 2541 1141 2606 religionem
1164 2539 1334 2596 intrare...“
1368 2541 1435 2593 item

101 2629 175 2696 „qui
192 2630 337 2696 ottingenit
350 2631 501 2687 tarditatem
519 2643 575 2685 rem
587 2629 756 2684 domesticam
786 2627 914 2692 montet.
940 2623 990 2682 10.
1017 2632 1073 2682 ort.
1098 2629 1126 2680 d.
1149 2625 1198 2680 ait:
1226 2627 1275 2692 „si
1297 2626 1353 2680 stne
1378 2626 1434 2691 eine

100 2717 193 2783 „adeo
215 2720 286 2772 mate
309 2719 404 2784 pessit,
430 2723 460 2772 ut
477 2728 563 2784 neque
580 2716 647 2780 sitsi,
671 2727 757 2782 neque
783 2717 883 2782 ‚‚<itlii)
905 2715 1031 2781 obsequio
1054 2719 1179 2779 parentes
1201 2713 1276 2768 nuito
1298 2711 1376 2764 modo
1393 2711 1434 2766 ui·

100 2815 284 2872 „numerosae
302 2807 372 2871 proii
390 2806 504 2860 ciendae
513 2805 665 2870 prospicere
678 2807 760 2868 queat
783 2815 867 2871 „uere
890 2807 1014 2869 possent,
1038 2802 1077 2855 sic
1099 2803 1204 2854 tenetur
1227 2800 1266 2853 eis
1287 2796 1389 2852 sertim
1406 2798 1434 2849 et

100 2894 156 2957 „et
172 2891 275 2945 contro
294 2895 340 2946 tuo
363 2890 512 2958 indigeat‘*
547 2890 754 2952 t'iorenttos,
783 2892 861 2958 „atio
878 2901 959 2956 opera
971 2887 1140 2955 perfectionis
1158 2884 1378 2950 praetermittere.
1404 2883 1433 2936 si

99 2978 147 3031 itis
164 2977 309 3034 rationibus
320 2976 430 3031 minime
442 2983 586 3042 permotus,
606 2979 636 3031 ot
651 2977 757 3030 animae
782 2989 869 3044 „uero
892 2979 950 3031 siue
973 2977 1029 3042 elus
1052 2973 1177 3040 obsequio
1199 2971 1312 3037 possunt
1333 2969 1433 3035 aitqua·

99 3063 184 3118 saluti
207 3063 371 3128 provideret,
396 3063 480 3118 invito
502 3067 577 3130 patre
600 3063 755 3128 retiptooem
783 3065 866 3130 „iiten
886 3063 1044 3126 sustentari,
1067 3072 1121 3114 uon
1144 3057 1301 3119 honorifice,
1326 3059 1433 3122 propter

98 3149 251 3214 ingreditur
268 3154 305 3216 et,
323 3151 414 3214 etapso
432 3149 547 3205 tirocinii
564 3155 692 3216 tempore,
714 3161 756 3204 eo·
782 3152 854 3216 „noc
871 3161 925 3203 non
943 3151 1048 3202 tenetur
1060 3157 1141 3211 opera
1157 3143 1327 3212 perfeetionis
1344 3142 1432 3195 dimit·

100 3237 218 3290 taronem
228 3236 417 3301 professionem
430 3237 535 3291 emittit.
560 3238 757 3302 interimpater
782 3235 894 3304 ,‚tere.‘·
930 3235 983 3288 tide
1009 3237 1098 3288 annm
1122 3231 1209 3296 vaiet,
1236 3228 1340 3284 etiamsi
1360 3227 1432 3282 itttus
1460 3237 1466 3248 ¹

99 3333 195 3387 senex,
216 3323 325 3389 reliquis
342 3323 419 3378 tonis
430 3325 601 3390 consumptis,
621 3323 653 3377 ed
673 3323 756 3377 uitam
781 3326 872 3379 uotum
891 3319 1056 3386 ingrediendi
1073 3317 1229 3383 religionem
1251 3315 1376 3370 emiserit.
1398 3339 1430 3352 -

99 3419 183 3472 aegre
219 3411 420 3465 sustentandam
455 3412 590 3478 cniusdam
628 3409 756 3464 causidici
782 3414 809 3465 S.
821 3411 879 3474 etp.
894 3420 922 3463 st.
939 3411 989 3461 dd.
1002 3405 1177 3460 -Leasiete
1191 3403 1369 3458 -nonctes
1378 3407 1429 3456 eto.

98 3495 254 3563 scripturas,
267 3503 346 3562 pacta
354 3499 488 3564 mercede,
499 3507 625 3562 peragere
634 3495 752 3562 cocitum
834 3492 879 3548 86.
896 3519 931 3570 ··.
948 3494 1021 3548 uiri:
1038 3505 1093 3557 per
1105 3505 1154 3557 ae,·
1171 3491 1242 3558 poia,
1262 3491 1285 3544 st
1302 3489 1373 3543 titius
1390 3489 1433 3543 ni·

98 3583 184 3636 trater
201 3594 264 3638 nero
283 3583 317 3637 ad
335 3596 398 3639 snos
421 3583 532 3639 ciendos
555 3595 614 3639 cum
636 3583 755 3637 familiae
781 3583 835 3637 mia
852 3581 969 3649 pericula
992 3579 1087 3633 saiutis
1109 3580 1255 3634 incurreret
1276 3577 1304 3630 in
1321 3576 1428 3640 muodo,

100 3668 233 3724 dedecore
263 3670 369 3725 cuidam
403 3671 478 3727 diviti
511 3672 667 3727 tamoiatur.
710 3669 756 3724 itis
781 3679 835 3724 non
852 3672 960 3723 tenetur
974 3669 1002 3721 in
1021 3677 1053 3719 eo
1070 3677 1207 3720 remanere
1225 3665 1258 3717 ad
1276 3674 1430 3718 succurren-

99 3756 215 3820 copnitis
232 3756 440 3822 Florentius,
466 3757 512 3825 poi
533 3770 630 3823 magno
652 3757 757 3811 terrore
782 3757 843 3810 dum
866 3753 1026 3822 parentinus.
1066 3752 1109 3807 ste
1133 3755 1160 3806 S.
1187 3751 1318 3814 Thomas,
1340 3746 1431 3812 Ouod-

101 3845 131 3896 et
148 3843 236 3898 cordis
259 3844 364 3900 taetitia
380 3843 433 3899 Deo
449 3843 595 3908 seruiebat,
620 3845 756 3899 anxietate
783 3844 831 3898 tto.
854 3845 904 3897 io.
924 3845 982 3896 art.
1003 3842 1049 3893 dn
1071 3843 1142 3905 „tut
1160 3839 1192 3902 is,
1212 3838 1257 3903 poi
1275 3837 1356 3891 natet
1371 3847 1430 3902 pro·

99 3941 208 3995 pressos
234 3929 353 3998 dubitat,
380 3935 468 3986 utrum
490 3931 655 3986 uoeetonem
681 3942 757 3986 suem
782 3931 918 3998 „positum
936 3927 1050 3982 intrandi
1067 3926 1236 3990 reiigionem,
1256 3924 1337 3990 videt,
1355 3933 1384 3976 se
1401 3923 1430 3976 in

100 4017 223 4073 deserere
250 4018 360 4084 debeat,
391 4022 421 4072 ut
447 4017 516 4084 patri
539 4022 566 4073 et
591 4018 669 4072 tratri
697 4029 756 4072 sue
781 4017 912 4083 „saecuto
937 4026 992 4068 non
1021 4023 1098 4079 posse
1126 4013 1218 4067 uivere
1241 4011 1298 4065 sine
1321 4012 1429 4076 peccato

98 4109 197 4158 currat.
782 4101 923 4169 „mortati,
948 4103 992 4157 uel
1009 4111 1063 4155 non
1080 4099 1114 4153 de
1131 4099 1220 4166 ractii;
1243 4099 1265 4152 si
1284 4098 1361 4154 timet
1376 4095 1429 4150 sini

151 4185 222 4242 Hune
781 4189 949 4257 „perieulum
972 4189 1076 4254 peceati
1097 4185 1229 4249 mortalis,
1258 4197 1318 4240 cum
1344 4185 1429 4249 masis

97 4274 222 4346 Quaen.
236 4274 266 4329 1·
277 4283 320 4334 Aa
350 4274 434 4338 fitius
462 4279 557 4342 possit
584 4278 753 4342 rettptonem
779 4282 924 4344 ‚teneatur
951 4276 1032 4330 satuti
1058 4277 1164 4330 animae
1188 4283 1252 4326 snae
1278 4271 1427 4336 prouidere,

275 4362 402 4430 tnpredt,
420 4369 561 4428 parentet
578 4363 610 4421 itt
628 4366 753 4422 nececct·
779 4377 879 4431 „qnam
896 4363 1027 4430 corporali
1039 4360 1193 4418 necessitati
1207 4365 1355 4425 parentum,
1374 4371 1428 4415 non

276 4453 338 4504 tote
355 4449 563 4514 relinquendos
778 4457 905 4518 „tenetur
921 4451 950 4504 in
968 4451 1076 4504 semoto
1093 4447 1263 4506 remanere.“

227 4533 312 4592 Mt
336 4535 418 4600 littae
444 4540 580 4593 tenentur
608 4537 707 4604 epredt
736 4551 753 4594 a.
814 4534 873 4594 ¹8⁷.
892 4563 927 4576 -
945 4539 975 4592 it.
995 4535 1039 4592 oei
1053 4535 1092 4589 2¹²
1113 4539 1215 4599 osaea
1248 4531 1428 4597 Affirmottoe

274 4623 429 4688 rettpiotte,
448 4627 482 4676 ttt
497 4625 669 4689 parastatae
686 4639 751 4680 cuc·
778 4627 805 4680 in
830 4631 948 4681 extrema
970 4624 1136 4687 necessitate,
1160 4629 1191 4675 ut
1210 4627 1290 4688 patet.
1328 4620 1427 4673 [tenent

274 4709 395 4763 curtati
777 4715 847 4768 euim
857 4712 904 4766 iiiii
914 4710 985 4767 omni
999 4708 1077 4764 modo
1090 4706 1210 4775 possiunt
1224 4718 1330 4763 servare
1342 4709 1426 4765 uitam

1148 4790 1215 4856 23*
