3130 4990
172 192 210 250 14
699 193 738 248 itii
756 191 968 248 ediscendum

174 331 565 399 anquimcbcuntcenteutiaa,
579 332 699 398 quaesic
710 331 826 384 breviter
850 329 1028 385 mniendcutt
1065 329 1208 385 bonatus
1225 333 1298 388 culm
1315 333 1439 400 improbe
1457 337 1514 391 luit

175 419 268 475 rererd
285 423 407 484 possunt:
424 414 567 474 Plinius
585 419 731 483 contendit,
750 429 826 471 num·
850 416 962 471 amodo
986 417 1162 482 interruptus,
1187 419 1251 472 dum
1276 421 1321 473 icti
1347 433 1404 476 non
1422 423 1514 478 adbuc

175 519 254 572 qaam
276 505 379 558 licitum
400 517 460 558 esce
481 516 562 570 agere
583 517 643 560 cum
663 505 825 559 cenwleutta
849 503 916 556 caiis
933 505 1055 568 poterant
1076 503 1110 556 ad
1133 504 1189 569 elus
1211 507 1331 560 munuc·
1353 509 1512 564 attendere.

175 592 265 656 dubia,
283 591 388 644 etiamsi
405 591 515 644 dublum
532 591 568 644 sit
583 591 735 656 positivum,
753 591 825 656 qnia,
849 589 878 642 Si
896 590 1026 654 tantisper
1046 593 1246 657 erpwiasoent,
1270 594 1318 647 lux
1341 595 1412 659 lpclr
1429 596 1514 650 adul·

174 679 226 740 ait,
251 678 435 732 couscientia
456 682 540 732 certo
560 681 608 732 eet
628 677 696 732 colo
712 687 826 730 moreat
850 687 914 740 gere
922 675 1057 740 pntnbsct
1071 675 1256 740 onodmemm
1266 680 1514 746 ardnrdisputandi

175 765 359 830 condoluit·
369 763 675 828 rerbalpostniilliom.
686 761 825 826 libbi:
850 766 878 816 et
889 761 1176 828 amorprnpriiludlcii
1189 765 1346 832 impediunt,
1365 768 1513 833 queminus

176 857 264 906 once
280 847 362 915 quod
376 862 437 906 eote
459 855 504 904 est
519 863 558 903 ce
578 847 650 914 fide,
669 853 825 914 peccam
850 849 989 904 ueritatem
1007 848 1040 902 ab
1056 851 1117 903 aliis
1135 853 1265 916 prolatm
1283 857 1480 918 agnoscamus!

174 937 254 992 coti.
272 949 297 990 e.
317 948 395 990 omne
413 936 482 1002 quod
499 948 554 990 uon
575 940 617 990 eat
637 947 673 988 er
689 936 825 990 cemelen-
902 937 964 990 bico
981 937 1075 1001 lrltnr,
1100 937 1242 992 tenendam
1259 951 1319 993 case
1337 941 1450 1008 quidem
1469 956 1513 996 re·

174 1024 212 1076 iia
229 1027 315 1088 certa,
337 1026 474 1086 peccatum
492 1027 540 1076 cot
576 1021 641 1087 qnid
659 1021 731 1076 enim
748 1027 827 1075 sonat
850 1025 939 1090 gulam
957 1025 1039 1077 banc:
1062 1025 1251 1080 conscientie
1273 1031 1358 1082 certo
1376 1032 1427 1083 cac
1442 1030 1513 1084 solo

174 1111 283 1164 uerbum
301 1109 494 1172 conscientia,
512 1108 564 1162 omi
577 1109 712 1172 counitio,
732 1110 825 1163 aclea·
850 1121 964 1164 noram
981 1110 1083 1175 reule
1099 1123 1148 1164 seu
1165 1123 1225 1166 coe
1244 1115 1512 1180 metuerem

176 1197 236 1252 lici
270 1197 336 1250 ilinc
358 1197 387 1250 d.
413 1196 509 1250 Thon.
534 1199 614 1250 uocat
637 1195 824 1265 conscientiam
849 1199 1033 1252 concuretio
1038 1200 1172 1261 κατίοι
1180 1195 1279 1253 dublo.
1299 1201 1513 1269 vocemquam-

174 1283 566 1347 mucottonentcclcetinc.
589 1279 730 1334 lblautem
742 1282 825 1334 solen·
852 1285 891 1338 ris
904 1284 1032 1348 iudicium
1055 1285 1182 1338 renerum
1206 1285 1387 1341 conscientiae
1412 1289 1512 1342 debent

173 1371 211 1424 da
228 1381 282 1422 non
299 1373 353 1433 est,
376 1367 423 1422 ubi
440 1380 483 1420 rea
503 1367 531 1420 in
548 1365 658 1420 dubium
676 1366 825 1422 adducitur.
851 1382 910 1424 eoae
927 1375 1041 1435 certum,
1059 1382 1113 1425 non
1131 1375 1220 1424 iumen
1236 1372 1400 1439 requiritur,
1420 1379 1453 1430 ut
1469 1376 1511 1440 Ju-

225 1452 257 1507 2·
274 1459 329 1511 luo
347 1454 412 1507 dicit
424 1458 523 1517 contra,
541 1453 649 1507 minime
661 1454 758 1519 requiri
769 1467 825 1507 cer·
850 1457 948 1510 dicium
970 1457 1099 1510 directum
1119 1457 1155 1509 sit
1176 1460 1287 1510 certum.
1325 1459 1413 1513 Scene
1436 1462 1511 1515 enlm

174 1542 313 1596 titudinem
322 1540 355 1593 dc
368 1541 507 1593 itonesime
519 1538 630 1593 actionis
640 1539 674 1592 ad
684 1539 824 1605 agendum,
851 1555 903 1597 nou
915 1549 986 1597 esset
997 1543 1108 1607 licitum,
1128 1543 1232 1608 operari
1248 1555 1283 1596 er
1300 1543 1434 1609 opinione
1450 1559 1512 1612 pro·

173 1626 349 1682 sedculbcere
357 1637 447 1681 reram
454 1625 667 1689 probabilitatem
675 1630 722 1680 ant
729 1627 824 1680 saliem
850 1629 1419 1696 babiiicoima,qnoddamnaeitllcoondcr
1432 1635 1511 1698 illl-c

174 1713 300 1778 molerem
326 1712 548 1778 probabilitatem.
588 1713 690 1767 Etenim
715 1725 826 1766 consen·
850 1729 910 1770 nam
922 1716 1013 1781 opinio
1028 1715 1240 1781 probabilissima
1252 1729 1306 1771 non
1318 1719 1433 1774 excedit
1444 1720 1510 1773 linea

174 1798 823 1865 tientibnscommnnlssimetbeoioglsllcetsaliem
849 1802 1051 1868 probabilitetis.
1097 1801 1210 1856 Proinde
1239 1803 1349 1857 daretur
1375 1806 1510 1870 obligatio

175 1887 263 1940 iecere
272 1885 309 1950 id,
321 1885 389 1951 qnod
402 1885 564 1951 probabilius
574 1898 627 1940 nnn
639 1891 682 1940 cat
690 1887 821 1940 illicitum.
849 1892 931 1944 tutius
953 1900 1058 1954 semper
1082 1888 1224 1953 sequendi,
1250 1889 1321 1954 quod
1347 1889 1510 1946 damnatum

175 1975 205 2026 ln
222 1973 272 2026 boc
296 1977 385 2025 autem
407 1985 470 2025 man
491 1974 531 2026 sic
552 1973 662 2027 edormo
682 1973 822 2038 indicium:
849 1980 897 2029 eet
935 1975 1001 2040 lirro
1018 1975 1127 2028 minime
1148 1975 1291 2040 requiritur
1311 1978 1450 2033 certitudo
1471 1981 1510 2033 di·

174 2060 230 2114 lice
251 2057 422 2124 probabiliter
447 2061 492 2114 rel
519 2059 682 2124 probabilius
707 2072 760 2114 non
784 2065 824 2113 eet
849 2063 971 2117 reclude
993 2065 1131 2116 iuuentute
1153 2062 1251 2126 obiecti
1268 2062 1303 2116 ad
1325 2067 1508 2130 operantium,

174 2145 348 2210 prohibitum
374 2156 436 2210 ergo
460 2147 548 2200 iecere
571 2158 687 2212 possum
725 2147 777 2200 scd
799 2147 823 2198 si
848 2150 895 2204 sed
921 2150 1063 2216 requiritur
1086 2155 1114 2204 et
1136 2149 1235 2204 suibclt
1259 2151 1409 2218 mmitudo,
1439 2165 1510 2219 quac

173 2231 303 2286 certitudo
319 2231 476 2298 requiratur,
492 2233 528 2287 ab
546 2233 594 2287 illo
611 2235 672 2286 aetn
690 2233 824 2286 abstinere
849 2236 1036 2302 perjudicium
1054 2235 1181 2290 relcuom
1198 2237 1342 2292 obtinetur.

175 2317 285 2383 debebo,
304 2319 366 2385 qula
378 2331 431 2372 non
446 2331 554 2383 possum
566 2333 625 2373 esse
636 2323 733 2382 cerina,
753 2319 822 2385 quod
901 2319 945 2375 47.
966 2349 1000 2358 -
1012 2322 1064 2376 sed
1077 2321 1176 2384 obsicii
1194 2323 1262 2376 lun:
1280 2323 1433 2378 Prudenter
1444 2337 1509 2390 ope-

174 2405 243 2459 llena
260 2417 312 2459 non
329 2405 501 2470 prohibuerit
536 2409 647 2471 insuper
663 2406 696 2460 ad
715 2419 823 2472 praece·
849 2415 922 2466 rctnr
938 2410 994 2473 ille,
1014 2409 1058 2476 qni
1075 2409 1130 2474 egit
1144 2407 1220 2472 iuxta
1237 2411 1390 2475 opinionem
1406 2413 1510 2465 saitem

174 2491 290 2546 rendum
312 2492 459 2555 pericnlum
481 2492 609 2557 peccandi
632 2493 696 2545 satis
720 2498 775 2555 eat,
800 2493 824 2545 sl
849 2496 1062 2563 probabiliorem,
1078 2495 1141 2560 quin
1153 2495 1275 2548 attendet
1285 2496 1319 2550 ed
1332 2497 1420 2550 ullum
1433 2498 1509 2562 prin-

174 2579 319 2644 lmilm
330 2577 468 2642 diligentie
479 2579 573 2632 miltll
589 2578 685 2632 litim
697 2579 735 2641 Μ,
754 2579 822 2646 quod
849 2583 946 2648 ulpium
957 2584 1084 2636 renerum
1094 2595 1103 2647 ;
1115 2581 1172 2646 agit
1182 2583 1253 2635 enlm
1266 2593 1300 2635 ex
1311 2583 1412 2637 mutlro
1425 2584 1510 2638 ualde

174 2664 356 2718 mibluidetur
373 2665 520 2719 innatum.
552 2665 613 2729 sed,
632 2665 824 2732 etiamsiprae·
850 2670 933 2735 previ,
951 2671 1055 2723 seclusa
1068 2674 1156 2725 temen
1174 2672 1341 2726 certitudine.
1375 2673 1445 2738 drgo
1458 2674 1511 2727 ille

173 2752 290 2806 miserim
308 2751 383 2806 illam
401 2751 579 2817 diligentiam,
603 2765 657 2806 non
673 2765 719 2806 ero
736 2757 823 2806 certus
849 2758 954 2822 reponit
971 2756 1103 2813 dictamen
1126 2757 1249 2812 ultimum
1270 2760 1453 2812 conscientiae
1478 2762 1509 2814 in

173 2840 208 2892 dc
229 2838 340 2892 actionis
362 2840 512 2902 boncctate3
535 2851 598 2904 ergo
620 2840 750 2894 certitudo
770 2853 823 2893 nnn
845 2845 945 2908 indicio
962 2855 1010 2897 suo
1027 2843 1135 2898 directo.
1157 2842 1342 2908 despondeo:
1363 2845 1441 2899 Licet
1456 2846 1510 2900 iiie

172 2925 322 2992 requiritur.
850 2931 928 2994 dicet,
946 2929 1091 2995 seoperari
1102 2941 1136 2984 ex
1144 2929 1243 2995 indicio
1255 2931 1354 2985 directo
1366 2935 1509 2999 tamquam

225 3008 258 3063 3·
278 3013 420 3066 bonatus
442 3023 505 3065 uero
528 3013 567 3066 sic
591 3012 741 3078 distinguit:
766 3013 822 3067 lion
850 3017 990 3071 dictamine
1013 3017 1123 3080 ultimo,
1150 3017 1237 3082 reipsa
1264 3023 1352 3072 tamnu
1377 3019 1508 3074 innititur

172 3099 314 3165 requiritur
336 3099 442 3166 quidem
463 3098 585 3153 inomni
608 3111 671 3153 casn
693 3100 822 3154 certitudo
849 3105 877 3156 ln
894 3103 950 3156 ulia
961 3102 1062 3155 ratione
1079 3102 1192 3156 certiore
1210 3105 1237 3154 et
1251 3103 1360 3168 redere,
1381 3108 1508 3170 quamuis

173 3186 288 3249 directa,
311 3199 360 3240 seu
376 3185 497 3240 alliciens
514 3186 601 3253 ipsum
618 3187 764 3252 obiectum,
789 3187 822 3240 ad
850 3191 948 3243 redere
973 3188 1006 3242 ad
1032 3200 1092 3243 cem
1118 3202 1172 3244 non
1200 3190 1327 3243 attendat.
1374 3190 1507 3246 liltlmum

174 3271 248 3324 licite
269 3270 412 3337 egendum,
440 3274 487 3326 sed
510 3273 654 3338 requiritur
679 3278 707 3328 et
727 3273 825 3326 anillcit
850 3276 919 3328 enim
938 3276 1067 3329 dictamen
1086 3275 1230 3340 practlcnm
1252 3276 1432 3330 conscientiae
1452 3291 1508 3332 non

175 3355 306 3410 certitudo
323 3358 435 3423 reuera,
459 3369 526 3424 qnae
546 3358 649 3413 scillcet
667 3360 780 3413 babetur
797 3359 827 3430 vi
849 3364 1027 3427 potestesse,
1053 3361 1104 3414 nisi
1123 3361 1206 3416 minti:
1225 3365 1290 3416 lion
1313 3367 1415 3417 teneor
1433 3365 1507 3419 obli-

172 3443 267 3507 ludicll
288 3443 381 3496 rederi
403 3449 430 3498 et
451 3446 574 3511 practici,
602 3445 723 3512 sequenti
745 3447 824 3500 modo
848 3448 1011 3512 ontionem
1027 3448 1166 3510 coemeter
1182 3445 1308 3512 duplicis
1325 3453 1504 3514 sententiae,

175 3529 319 3582 efformati:
337 3530 458 3584 omnlbm
476 3535 537 3587 binc
555 3538 582 3587 et
599 3534 660 3588 inde
676 3532 824 3588 considera·
851 3535 957 3589 coliem
972 3531 1167 3596 probabiliore
1184 3535 1257 3588 midi
1272 3534 1405 3599 socan,
1433 3541 1507 3604 quio

176 3617 210 3669 tia
229 3614 333 3681 iudico,
361 3617 442 3670 talem
469 3623 556 3673 actum
583 3621 754 3686 probabiliter
781 3621 824 3675 rel
851 3621 989 3686 obllpntlo
1012 3621 1073 3674 isto
1096 3621 1170 3675 mitit
1191 3626 1237 3676 esc
1256 3625 1424 3688 incoquitur,
1452 3637 1509 3680 aec

175 3703 339 3769 probabilius
356 3715 415 3757 ease
432 3703 548 3769 licitum,
568 3709 595 3758 et
611 3706 662 3760 boc
679 3710 735 3772 ipso
753 3711 824 3761 certo
851 3705 941 3762 datur
952 3707 1098 3772 ociipotlo,
1120 3709 1181 3762 niet
1191 3703 1227 3760 dc
1244 3719 1281 3762 cc
1298 3714 1503 3766 cacconem.

174 3790 264 3855 iudico
281 3791 380 3845 uellere
402 3795 430 3844 et
452 3790 583 3856 practice,
607 3794 657 3845 boc
678 3805 737 3848 esse
759 3794 824 3847 mibi
851 3819 886 3831 -
911 3795 933 3850 l'.
954 3793 1083 3849 Laeron
1100 3805 1130 3847 rt
1150 3795 1202 3846 47.
1222 3798 1327 3862 etseq.

175 3877 290 3942 licitum,
314 3879 376 3943 qnia
395 3877 421 3930 ld
439 3889 529 3941 omne,
554 3877 625 3944 quod
643 3890 695 3932 non
713 3885 754 3933 est
770 3881 825 3934 eol·

175 3964 270 4017 denter
286 3963 454 4028 prohibitum,
474 3969 547 4018 certo
564 3963 667 4018 licitum
682 3970 731 4019 est.
760 3965 825 4019 ilum
1066 3926 1217 4000 OASUS
1240 3929 1284 3998 V·

175 4055 262 4104 autem
275 4052 413 4105 bonatus
431 4051 578 4106 doctrinam
596 4063 671 4105 suam
685 4053 826 4107 eniteool·
962 4045 1167 4101 consolabili
1183 4045 1391 4102 scaurffldsa.

176 4148 251 4202 rere,
272 4149 287 4190 a
305 4139 382 4192 suciis
400 4139 520 4194 remotim
538 4138 737 4204 interrumpitur
754 4143 782 4194 et
799 4139 826 4194 in
904 4141 1059 4208 savinus,
1089 4143 1277 4209 scrupulosus,
1309 4143 1442 4198 accedens
1473 4145 1507 4200 ad

176 4224 283 4289 longum
302 4225 358 4278 abii
375 4224 527 4290 disputatio.
853 4225 1031 4282 confitendum
1059 4239 1164 4293 semper
1193 4229 1259 4282 baec
1293 4231 1390 4284 iterare
1422 4231 1504 4286 solet:

227 4305 297 4362 linc
853 4315 964 4379 „l'eter,
984 4313 1063 4368 ualde
1080 4325 1163 4379 ungor
1179 4314 1249 4368 eirca
1268 4318 1427 4380 praeteritas
1445 4331 1507 4372 con·

176 4393 294 4466 Qaner.
330 4399 455 4454 munt
481 4413 497 4454 e
524 4401 704 4457 certantibus
731 4412 826 4458 cocco
853 4401 994 4468 iussionem
1018 4413 1071 4455 non
1090 4401 1191 4467 integre
1208 4404 1318 4468 exposui
1337 4406 1430 4458 omnia
1447 4419 1506 4470 pec·

331 4486 487 4541 mouenda
504 4489 560 4542 citi
853 4489 927 4554 cata,
946 4489 1019 4542 carni
1038 4489 1127 4543 dolore
1144 4489 1286 4554 requisito,
1308 4492 1409 4546 uellem
1427 4505 1505 4559 gene·

429 4571 569 4630 Sciniiu.
853 4573 945 4626 rellter
966 4573 1099 4638 condicti,
1126 4576 1188 4641 qnia
1212 4578 1386 4642 quorumdem
1413 4591 1505 4644 pecca·

226 4655 270 4713 ld.
289 4687 323 4698 -
342 4663 372 4716 li.
399 4663 484 4717 causa
508 4663 647 4718 tribuendo
670 4666 711 4717 est
733 4663 825 4718 ultimo
853 4669 939 4714 torum
960 4659 1169 4718 circumstantius
1192 4667 1220 4718 ct
1239 4665 1342 4729 species
1363 4678 1418 4720 non
1442 4669 1505 4722 setis
