<?xml version="1.0" encoding="UTF-8"?>
<!DOCTYPE html PUBLIC "-//W3C//DTD XHTML 1.0 Transitional//EN"
    "http://www.w3.org/TR/xhtml1/DTD/xhtml1-transitional.dtd">
<html xmlns="http://www.w3.org/1999/xhtml" xml:lang="en" lang="en">
 <head>
  <title>
</title>
<meta http-equiv="Content-Type" content="text/html;charset=utf-8" />
  <meta name='ocr-system' content='tesseract 3.04.00' />
  <meta name='ocr-capabilities' content='ocr_page ocr_carea ocr_par ocr_line ocrx_word'/>
</head>
<body>
  <div class='ocr_page' id='page_1' title='image "./casusconscienti00gurygoog_0198.png"; bbox 0 0 3168 4998; ppageno 0'>
   <div class='ocr_carea' id='block_1_1' title="bbox 94 207 1352 406">
    <p class='ocr_par' dir='ltr' id='par_1_1' title="bbox 94 207 1352 406">
     <span class='ocr_line' id='line_1_1' title="bbox 505 207 1352 268; baseline 0.005 -4"><span class='ocrx_word' id='word_1_1' title='bbox 505 209 545 264; x_wconf 78' lang='lat' dir='ltr'><strong>ud</strong></span> <span class='ocrx_word' id='word_1_2' title='bbox 563 207 686 264; x_wconf 70' lang='lat' dir='ltr'><strong>intuitis</strong></span> <span class='ocrx_word' id='word_1_3' title='bbox 702 207 741 264; x_wconf 74' lang='lat' dir='ltr'><strong>di</strong></span> <span class='ocrx_word' id='word_1_4' title='bbox 758 207 866 266; x_wconf 77' lang='lat' dir='ltr'><strong>iimo.</strong></span> <span class='ocrx_word' id='word_1_5' title='bbox 1300 207 1352 268; x_wconf 69' lang='lat' dir='ltr'><strong>titi</strong></span> 
     </span>
     <span class='ocr_line' id='line_1_2' title="bbox 94 345 1352 406; baseline 0.012 -15"><span class='ocrx_word' id='word_1_6' title='bbox 94 347 152 403; x_wconf 57' lang='grc' dir='ltr'><strong>ΗΜ</strong></span> <span class='ocrx_word' id='word_1_7' title='bbox 703 345 834 402; x_wconf 73' lang='lat' dir='ltr'><strong>habentur</strong></span> <span class='ocrx_word' id='word_1_8' title='bbox 862 345 946 401; x_wconf 77' lang='lat' dir='ltr'><strong>inetur</strong></span> <span class='ocrx_word' id='word_1_9' title='bbox 975 346 1130 402; x_wconf 83' lang='lat' dir='ltr'><strong>demoomm</strong></span> <span class='ocrx_word' id='word_1_10' title='bbox 1160 359 1194 404; x_wconf 86' lang='lat' dir='ltr'><strong>cr</strong></span> <span class='ocrx_word' id='word_1_11' title='bbox 1224 347 1352 406; x_wconf 86' lang='lat' dir='ltr'><strong>ditatione</strong></span> 
     </span>
    </p>
   </div>
   <div class='ocr_carea' id='block_1_2' title="bbox 58 431 1449 506">
    <p class='ocr_par' dir='ltr' id='par_1_2' title="bbox 58 431 1449 506">
     <span class='ocr_line' id='line_1_3' title="bbox 58 431 1449 506; baseline -0.006 -16"><span class='ocrx_word' id='word_1_12' title='bbox 58 435 150 506; x_wconf 67' lang='lat' dir='ltr'><strong>decer.</strong></span> <span class='ocrx_word' id='word_1_13' title='bbox 162 432 190 488; x_wconf 89' lang='lat'><strong>1·</strong></span> <span class='ocrx_word' id='word_1_14' title='bbox 199 440 242 493; x_wconf 80' lang='lat' dir='ltr'><strong>Arc</strong></span> <span class='ocrx_word' id='word_1_15' title='bbox 254 431 500 491; x_wconf 66' lang='lat' dir='ltr'><strong>ferdinandus</strong></span> <span class='ocrx_word' id='word_1_16' title='bbox 517 432 597 486; x_wconf 83' lang='lat' dir='ltr'><strong>ttctte</strong></span> <span class='ocrx_word' id='word_1_17' title='bbox 610 442 677 495; x_wconf 70' lang='grc' dir='ltr'><strong>μοι·</strong></span> <span class='ocrx_word' id='word_1_18' title='bbox 702 431 841 486; x_wconf 85' lang='lat' dir='ltr'><strong>solutionis</strong></span> <span class='ocrx_word' id='word_1_19' title='bbox 868 433 965 500; x_wconf 77' lang='lat' dir='ltr'><strong>raom,</strong></span> <span class='ocrx_word' id='word_1_20' title='bbox 996 434 1092 488; x_wconf 89' lang='lat' dir='ltr'><strong>morosi</strong></span> <span class='ocrx_word' id='word_1_21' title='bbox 1121 434 1261 500; x_wconf 74' lang='lat' dir='ltr'>debitoris,</span> <span class='ocrx_word' id='word_1_22' title='bbox 1292 449 1352 502; x_wconf 81' lang='lat' dir='ltr'><strong>oro·</strong></span> <span class='ocrx_word' id='word_1_23' title='bbox 1446 473 1449 481; x_wconf 32' lang='lat' dir='ltr'><strong>r</strong></span> 
     </span>
    </p>
   </div>
   <div class='ocr_carea' id='block_1_3' title="bbox 197 516 1352 587">
    <p class='ocr_par' dir='ltr' id='par_1_3' title="bbox 197 516 1352 587">
     <span class='ocr_line' id='line_1_4' title="bbox 197 516 1352 587; baseline 0.002 -11"><span class='ocrx_word' id='word_1_24' title='bbox 197 524 390 576; x_wconf 73' lang='lat' dir='ltr'><strong>otiosumne</strong></span> <span class='ocrx_word' id='word_1_25' title='bbox 412 519 678 582; x_wconf 77' lang='lat' dir='ltr'><strong>retineretiemottc</strong></span> <span class='ocrx_word' id='word_1_26' title='bbox 702 516 876 573; x_wconf 82' lang='lat' dir='ltr'><strong>venientium.</strong></span> <span class='ocrx_word' id='word_1_27' title='bbox 912 519 1022 585; x_wconf 79' lang='lat' dir='ltr'>Insuper</span> <span class='ocrx_word' id='word_1_28' title='bbox 1043 520 1094 574; x_wconf 86' lang='lat' dir='ltr'><strong>sibi</strong></span> <span class='ocrx_word' id='word_1_29' title='bbox 1120 521 1250 587; x_wconf 76' lang='lat' dir='ltr'><strong>imputare</strong></span> <span class='ocrx_word' id='word_1_30' title='bbox 1273 523 1352 578; x_wconf 86' lang='lat' dir='ltr'><strong>debet</strong></span> 
     </span>
    </p>
   </div>
   <div class='ocr_carea' id='block_1_4' title="bbox 154 603 1351 1105">
    <p class='ocr_par' dir='ltr' id='par_1_4' title="bbox 199 603 1351 674">
     <span class='ocr_line' id='line_1_5' title="bbox 199 603 1351 674; baseline 0.003 -12"><span class='ocrx_word' id='word_1_31' title='bbox 199 610 231 662; x_wconf 79' lang='lat' dir='ltr'><strong>tn</strong></span> <span class='ocrx_word' id='word_1_32' title='bbox 243 606 361 671; x_wconf 76' lang='lat' dir='ltr'><strong>judicto</strong></span> <span class='ocrx_word' id='word_1_33' title='bbox 378 607 424 661; x_wconf 79' lang='lat' dir='ltr'><strong>uit</strong></span> <span class='ocrx_word' id='word_1_34' title='bbox 440 605 610 672; x_wconf 68' lang='lat' dir='ltr'><strong>mamardo</strong></span> <span class='ocrx_word' id='word_1_35' title='bbox 626 615 676 658; x_wconf 85' lang='lat' dir='ltr'><strong>oc·</strong></span> <span class='ocrx_word' id='word_1_36' title='bbox 702 605 854 659; x_wconf 75' lang='lat' dir='ltr'>Aurelius</span> <span class='ocrx_word' id='word_1_37' title='bbox 875 603 944 658; x_wconf 89' lang='lat' dir='ltr'><strong>istud</strong></span> <span class='ocrx_word' id='word_1_38' title='bbox 962 604 1142 660; x_wconf 88' lang='lat' dir='ltr'><strong>iniortunium.</strong></span> <span class='ocrx_word' id='word_1_39' title='bbox 1179 611 1263 674; x_wconf 79' lang='lat' dir='ltr'><strong>onere</strong></span> <span class='ocrx_word' id='word_1_40' title='bbox 1281 611 1351 664; x_wconf 91' lang='lat' dir='ltr'><strong>entm</strong></span> 
     </span>
    </p>

    <p class='ocr_par' dir='ltr' id='par_1_5' title="bbox 155 689 1351 846">
     <span class='ocr_line' id='line_1_6' title="bbox 199 689 1351 762; baseline 0.003 -13"><span class='ocrx_word' id='word_1_41' title='bbox 199 697 306 760; x_wconf 71' lang='lat' dir='ltr'><strong>certat</strong></span> <span class='ocrx_word' id='word_1_42' title='bbox 702 690 758 758; x_wconf 71' lang='lat' dir='ltr'><strong>seit</strong></span> <span class='ocrx_word' id='word_1_43' title='bbox 771 689 893 756; x_wconf 72' lang='lat' dir='ltr'><strong>juridice,</strong></span> <span class='ocrx_word' id='word_1_44' title='bbox 914 703 974 746; x_wconf 88' lang='lat' dir='ltr'><strong>cum</strong></span> <span class='ocrx_word' id='word_1_45' title='bbox 991 692 1065 746; x_wconf 78' lang='lat' dir='ltr'><strong>notio</strong></span> <span class='ocrx_word' id='word_1_46' title='bbox 1081 694 1180 748; x_wconf 84' lang='lat' dir='ltr'><strong>daheet</strong></span> <span class='ocrx_word' id='word_1_47' title='bbox 1197 701 1351 762; x_wconf 72' lang='lat' dir='ltr'><strong>argumento</strong></span> 
     </span>
     <span class='ocr_line' id='line_1_7' title="bbox 155 775 1351 846; baseline 0.004 -14"><span class='ocrx_word' id='word_1_48' title='bbox 155 776 677 846; x_wconf 71' lang='lat' dir='ltr'><strong>o·m1orcrcporco,remotoem</strong></span> <span class='ocrx_word' id='word_1_49' title='bbox 702 789 808 832; x_wconf 84' lang='lat' dir='ltr'><strong>oensem</strong></span> <span class='ocrx_word' id='word_1_50' title='bbox 831 790 904 831; x_wconf 84' lang='lat' dir='ltr'><strong>suem</strong></span> <span class='ocrx_word' id='word_1_51' title='bbox 925 775 1070 843; x_wconf 80' lang='lat' dir='ltr'><strong>umdendit</strong></span> <span class='ocrx_word' id='word_1_52' title='bbox 1104 779 1195 834; x_wconf 81' lang='lat' dir='ltr'><strong>Nonne</strong></span> <span class='ocrx_word' id='word_1_53' title='bbox 1217 782 1351 838; x_wconf 87' lang='lat' dir='ltr'><strong>ioieiicem</strong></span> 
     </span>
    </p>

    <p class='ocr_par' dir='ltr' id='par_1_6' title="bbox 154 863 1351 1016">
     <span class='ocr_line' id='line_1_8' title="bbox 197 863 1351 936; baseline 0.003 -15"><span class='ocrx_word' id='word_1_54' title='bbox 197 869 339 921; x_wconf 71' lang='lat' dir='ltr'><strong>solome?</strong></span> <span class='ocrx_word' id='word_1_55' title='bbox 703 866 772 918; x_wconf 87' lang='lat' dir='ltr'><strong>dunc</strong></span> <span class='ocrx_word' id='word_1_56' title='bbox 784 865 931 918; x_wconf 75' lang='lat' dir='ltr'><strong>sententiae</strong></span> <span class='ocrx_word' id='word_1_57' title='bbox 945 863 1079 930; x_wconf 76' lang='lat' dir='ltr'><strong>iudicialis</strong></span> <span class='ocrx_word' id='word_1_58' title='bbox 1091 867 1191 919; x_wconf 82' lang='lat' dir='ltr'><strong>exitum</strong></span> <span class='ocrx_word' id='word_1_59' title='bbox 1208 869 1287 923; x_wconf 86' lang='lat' dir='ltr'><strong>iecite</strong></span> <span class='ocrx_word' id='word_1_60' title='bbox 1306 881 1351 936; x_wconf 82' lang='lat' dir='ltr'><strong>oo·</strong></span> 
     </span>
     <span class='ocr_line' id='line_1_9' title="bbox 154 947 959 1016; baseline -0.005 -12"><span class='ocrx_word' id='word_1_61' title='bbox 154 949 185 1004; x_wconf 82' lang='lat' dir='ltr'><strong>d·</strong></span> <span class='ocrx_word' id='word_1_62' title='bbox 196 955 238 1008; x_wconf 80' lang='lat' dir='ltr'><strong>ire</strong></span> <span class='ocrx_word' id='word_1_63' title='bbox 257 955 393 1008; x_wconf 75' lang='lat' dir='ltr'><strong>cessator</strong></span> <span class='ocrx_word' id='word_1_64' title='bbox 411 963 557 1016; x_wconf 71' lang='lat' dir='ltr'><strong>moneas</strong></span> <span class='ocrx_word' id='word_1_65' title='bbox 568 947 677 1014; x_wconf 76' lang='lat' dir='ltr'><strong>ssdtct·</strong></span> <span class='ocrx_word' id='word_1_66' title='bbox 703 953 771 1004; x_wconf 83' lang='lat' dir='ltr'><strong>teret</strong></span> <span class='ocrx_word' id='word_1_67' title='bbox 789 949 959 1016; x_wconf 74' lang='lat' dir='ltr'><strong>praevideret</strong></span> 
     </span>
    </p>

    <p class='ocr_par' dir='ltr' id='par_1_7' title="bbox 197 1037 677 1105">
     <span class='ocr_line' id='line_1_10' title="bbox 197 1037 677 1105; baseline -0.008 -11"><span class='ocrx_word' id='word_1_68' title='bbox 197 1040 265 1095; x_wconf 77' lang='lat' dir='ltr'><strong>olco</strong></span> <span class='ocrx_word' id='word_1_69' title='bbox 295 1051 363 1105; x_wconf 76' lang='lat' dir='ltr'><strong>erra</strong></span> <span class='ocrx_word' id='word_1_70' title='bbox 392 1037 571 1094; x_wconf 74' lang='lat' dir='ltr'><strong>descitum</strong></span> <span class='ocrx_word' id='word_1_71' title='bbox 601 1046 677 1091; x_wconf 83' lang='lat' dir='ltr'><strong>com·</strong></span> 
     </span>
    </p>
   </div>
   <div class='ocr_carea' id='block_1_5' title="bbox 192 1081 1154 1192">
    <p class='ocr_par' dir='ltr' id='par_1_8' title="bbox 192 1081 1154 1192">
     <span class='ocr_line' id='line_1_11' title="bbox 192 1081 1154 1192; baseline -0.007 -33"><span class='ocrx_word' id='word_1_72' title='bbox 192 1127 343 1192; x_wconf 80' lang='lat'><strong>„„„„</strong></span> <span class='ocrx_word' id='word_1_73' title='bbox 898 1081 1154 1155; x_wconf 72' lang='lat' dir='ltr'><strong>onsusmu</strong></span> 
     </span>
    </p>
   </div>
   <div class='ocr_carea' id='block_1_6' title="bbox 282 1197 1252 1266">
    <p class='ocr_par' dir='ltr' id='par_1_9' title="bbox 282 1197 1252 1266">
     <span class='ocr_line' id='line_1_12' title="bbox 282 1197 1252 1266; baseline -0.007 -2"><span class='ocrx_word' id='word_1_74' title='bbox 282 1207 421 1264; x_wconf 76' lang='lat' dir='ltr'><strong>solutio.</strong></span> <span class='ocrx_word' id='word_1_75' title='bbox 795 1201 937 1257; x_wconf 73' lang='lat' dir='ltr'><strong>occutus</strong></span> <span class='ocrx_word' id='word_1_76' title='bbox 955 1201 1169 1258; x_wconf 80' lang='lat' dir='ltr'><strong>ctiiii’iditsiiiio</strong></span> <span class='ocrx_word' id='word_1_77' title='bbox 1187 1197 1252 1266; x_wconf 75' lang='lat'>(3⁰).</span> 
     </span>
    </p>
   </div>
   <div class='ocr_carea' id='block_1_7' title="bbox 50 1293 1351 4564">
    <p class='ocr_par' dir='ltr' id='par_1_10' title="bbox 50 1293 1351 2402">
     <span class='ocr_line' id='line_1_13' title="bbox 86 1293 1350 1364; baseline 0.003 -16"><span class='ocrx_word' id='word_1_78' title='bbox 86 1295 139 1351; x_wconf 79' lang='lat' dir='ltr'><strong>dit.</strong></span> <span class='ocrx_word' id='word_1_79' title='bbox 152 1326 186 1336; x_wconf 98' lang='lat'><strong>—</strong></span> <span class='ocrx_word' id='word_1_80' title='bbox 199 1299 229 1353; x_wconf 86' lang='lat' dir='ltr'><strong>ii.</strong></span> <span class='ocrx_word' id='word_1_81' title='bbox 245 1295 338 1352; x_wconf 76' lang='lat' dir='ltr'><strong>ddi·</strong></span> <span class='ocrx_word' id='word_1_82' title='bbox 353 1299 454 1361; x_wconf 74' lang='lat' dir='ltr'><strong>duaco.</strong></span> <span class='ocrx_word' id='word_1_83' title='bbox 488 1293 675 1359; x_wconf 72' lang='lat' dir='ltr'><strong>affirmative.</strong></span> <span class='ocrx_word' id='word_1_84' title='bbox 754 1297 901 1361; x_wconf 77' lang='lat' dir='ltr'><strong>iterius,</strong></span> <span class='ocrx_word' id='word_1_85' title='bbox 927 1301 1080 1362; x_wconf 72' lang='lat' dir='ltr'><strong>paupertate</strong></span> <span class='ocrx_word' id='word_1_86' title='bbox 1106 1309 1224 1364; x_wconf 77' lang='lat' dir='ltr'><strong>pressos,</strong></span> <span class='ocrx_word' id='word_1_87' title='bbox 1253 1298 1350 1354; x_wconf 87' lang='lat' dir='ltr'><strong>nuliioi</strong></span> 
     </span>
     <span class='ocr_line' id='line_1_14' title="bbox 51 1381 1351 1451; baseline 0.002 -14"><span class='ocrx_word' id='word_1_88' title='bbox 51 1383 115 1438; x_wconf 79' lang='lat' dir='ltr'><strong>istut</strong></span> <span class='ocrx_word' id='word_1_89' title='bbox 125 1384 348 1440; x_wconf 70' lang='lat' dir='ltr'><strong>ferdinandus</strong></span> <span class='ocrx_word' id='word_1_90' title='bbox 365 1388 486 1438; x_wconf 90' lang='lat' dir='ltr'><strong>mutuum</strong></span> <span class='ocrx_word' id='word_1_91' title='bbox 502 1382 535 1435; x_wconf 77' lang='lat' dir='ltr'><strong>co</strong></span> <span class='ocrx_word' id='word_1_92' title='bbox 548 1382 677 1435; x_wconf 76' lang='lat' dir='ltr'><strong>Aurelio</strong></span> <span class='ocrx_word' id='word_1_93' title='bbox 701 1382 800 1448; x_wconf 80' lang='lat' dir='ltr'><strong>reperit</strong></span> <span class='ocrx_word' id='word_1_94' title='bbox 823 1381 1007 1436; x_wconf 77' lang='lat' dir='ltr'><strong>conductorem</strong></span> <span class='ocrx_word' id='word_1_95' title='bbox 1033 1395 1128 1448; x_wconf 75' lang='lat' dir='ltr'><strong>operae</strong></span> <span class='ocrx_word' id='word_1_96' title='bbox 1155 1397 1226 1439; x_wconf 83' lang='lat' dir='ltr'><strong>suec.</strong></span> <span class='ocrx_word' id='word_1_97' title='bbox 1268 1387 1351 1451; x_wconf 80' lang='lat' dir='ltr'><strong>igitur</strong></span> 
     </span>
     <span class='ocr_line' id='line_1_15' title="bbox 52 1467 1350 1536; baseline 0.003 -14"><span class='ocrx_word' id='word_1_98' title='bbox 52 1475 159 1535; x_wconf 75' lang='lat' dir='ltr'><strong>remotum</strong></span> <span class='ocrx_word' id='word_1_99' title='bbox 180 1470 299 1525; x_wconf 91' lang='lat' dir='ltr'><strong>retinere</strong></span> <span class='ocrx_word' id='word_1_100' title='bbox 322 1475 349 1526; x_wconf 93' lang='lat' dir='ltr'><strong>et</strong></span> <span class='ocrx_word' id='word_1_101' title='bbox 365 1469 513 1535; x_wconf 72' lang='lat' dir='ltr'><strong>syngrapho</strong></span> <span class='ocrx_word' id='word_1_102' title='bbox 536 1479 584 1533; x_wconf 76' lang='lat' dir='ltr'><strong>per</strong></span> <span class='ocrx_word' id='word_1_103' title='bbox 601 1467 677 1520; x_wconf 91' lang='lat' dir='ltr'><strong>indu·</strong></span> <span class='ocrx_word' id='word_1_104' title='bbox 702 1481 760 1521; x_wconf 81' lang='lat' dir='ltr'><strong>eom</strong></span> <span class='ocrx_word' id='word_1_105' title='bbox 790 1469 859 1522; x_wconf 83' lang='lat' dir='ltr'><strong>tocot</strong></span> <span class='ocrx_word' id='word_1_106' title='bbox 889 1467 964 1521; x_wconf 80' lang='lat' dir='ltr'><strong>diviti</strong></span> <span class='ocrx_word' id='word_1_107' title='bbox 994 1469 1084 1523; x_wconf 87' lang='lat' dir='ltr'><strong>ritlico</strong></span> <span class='ocrx_word' id='word_1_108' title='bbox 1115 1472 1164 1525; x_wconf 85' lang='lat' dir='ltr'><strong>troc</strong></span> <span class='ocrx_word' id='word_1_109' title='bbox 1193 1475 1284 1536; x_wconf 77' lang='lat' dir='ltr'><strong>pecto,</strong></span> <span class='ocrx_word' id='word_1_110' title='bbox 1319 1477 1350 1526; x_wconf 90' lang='lat' dir='ltr'><strong>ut</strong></span> 
     </span>
     <span class='ocr_line' id='line_1_16' title="bbox 50 1551 1350 1623; baseline 0.003 -15"><span class='ocrx_word' id='word_1_111' title='bbox 50 1557 119 1611; x_wconf 82' lang='lat' dir='ltr'><strong>sirium</strong></span> <span class='ocrx_word' id='word_1_112' title='bbox 133 1557 313 1623; x_wconf 74' lang='lat' dir='ltr'><strong>subremanet</strong></span> <span class='ocrx_word' id='word_1_113' title='bbox 331 1556 550 1622; x_wconf 73' lang='lat' dir='ltr'><strong>corrodendum,</strong></span> <span class='ocrx_word' id='word_1_114' title='bbox 568 1564 598 1605; x_wconf 86' lang='lat' dir='ltr'><strong>se</strong></span> <span class='ocrx_word' id='word_1_115' title='bbox 610 1551 677 1605; x_wconf 81' lang='lat' dir='ltr'><strong>nihii</strong></span> <span class='ocrx_word' id='word_1_116' title='bbox 701 1561 807 1620; x_wconf 76' lang='lat' dir='ltr'><strong>praeter</strong></span> <span class='ocrx_word' id='word_1_117' title='bbox 818 1555 915 1609; x_wconf 77' lang='lat' dir='ltr'><strong>rictum</strong></span> <span class='ocrx_word' id='word_1_118' title='bbox 927 1551 1074 1610; x_wconf 77' lang='lat' dir='ltr'><strong>domums</strong></span> <span class='ocrx_word' id='word_1_119' title='bbox 1083 1561 1184 1610; x_wconf 88' lang='lat' dir='ltr'><strong>tantum</strong></span> <span class='ocrx_word' id='word_1_120' title='bbox 1193 1571 1241 1623; x_wconf 83' lang='lat' dir='ltr'><strong>per</strong></span> <span class='ocrx_word' id='word_1_121' title='bbox 1252 1570 1350 1612; x_wconf 84' lang='lat' dir='ltr'><strong>ennom</strong></span> 
     </span>
     <span class='ocr_line' id='line_1_17' title="bbox 52 1638 1350 1709; baseline 0.002 -13"><span class='ocrx_word' id='word_1_122' title='bbox 52 1645 159 1698; x_wconf 87' lang='lat' dir='ltr'><strong>tureiio</strong></span> <span class='ocrx_word' id='word_1_123' title='bbox 181 1643 291 1698; x_wconf 85' lang='lat' dir='ltr'><strong>dedere.</strong></span> <span class='ocrx_word' id='word_1_124' title='bbox 328 1643 403 1698; x_wconf 81' lang='lat' dir='ltr'><strong>Retio</strong></span> <span class='ocrx_word' id='word_1_125' title='bbox 427 1646 480 1704; x_wconf 90' lang='lat' dir='ltr'><strong>est,</strong></span> <span class='ocrx_word' id='word_1_126' title='bbox 505 1639 567 1706; x_wconf 81' lang='lat' dir='ltr'><strong>quic</strong></span> <span class='ocrx_word' id='word_1_127' title='bbox 589 1638 678 1692; x_wconf 83' lang='lat' dir='ltr'><strong>debite</strong></span> <span class='ocrx_word' id='word_1_128' title='bbox 702 1644 850 1696; x_wconf 87' lang='lat' dir='ltr'><strong>iocretnms</strong></span> <span class='ocrx_word' id='word_1_129' title='bbox 868 1641 911 1695; x_wconf 94' lang='lat' dir='ltr'><strong>sit.</strong></span> <span class='ocrx_word' id='word_1_130' title='bbox 943 1641 1037 1697; x_wconf 75' lang='lat' dir='ltr'><strong>Postea</strong></span> <span class='ocrx_word' id='word_1_131' title='bbox 1049 1655 1112 1696; x_wconf 89' lang='lat' dir='ltr'><strong>rero</strong></span> <span class='ocrx_word' id='word_1_132' title='bbox 1124 1642 1301 1709; x_wconf 70' lang='lat' dir='ltr'><strong>considerans,</strong></span> <span class='ocrx_word' id='word_1_133' title='bbox 1321 1657 1350 1698; x_wconf 90' lang='lat' dir='ltr'><strong>se</strong></span> 
     </span>
     <span class='ocr_line' id='line_1_18' title="bbox 51 1724 1350 1798; baseline 0.004 -19"><span class='ocrx_word' id='word_1_134' title='bbox 51 1731 93 1780; x_wconf 87' lang='lat' dir='ltr'><strong>sunt</strong></span> <span class='ocrx_word' id='word_1_135' title='bbox 113 1741 141 1784; x_wconf 85' lang='lat' dir='ltr'><strong>er</strong></span> <span class='ocrx_word' id='word_1_136' title='bbox 163 1733 280 1798; x_wconf 74' lang='lat' dir='ltr'><strong>duoque</strong></span> <span class='ocrx_word' id='word_1_137' title='bbox 302 1733 376 1794; x_wconf 77' lang='lat' dir='ltr'><strong>parte</strong></span> <span class='ocrx_word' id='word_1_138' title='bbox 400 1727 488 1794; x_wconf 77' lang='lat' dir='ltr'><strong>oddo,</strong></span> <span class='ocrx_word' id='word_1_139' title='bbox 516 1729 544 1779; x_wconf 92' lang='lat' dir='ltr'><strong>et</strong></span> <span class='ocrx_word' id='word_1_140' title='bbox 566 1724 677 1791; x_wconf 77' lang='lat' dir='ltr'>prolude</span> <span class='ocrx_word' id='word_1_141' title='bbox 702 1727 836 1782; x_wconf 86' lang='lat' dir='ltr'><strong>robustum</strong></span> <span class='ocrx_word' id='word_1_142' title='bbox 850 1739 908 1782; x_wconf 91' lang='lat' dir='ltr'><strong>esse</strong></span> <span class='ocrx_word' id='word_1_143' title='bbox 920 1731 947 1782; x_wconf 90' lang='lat' dir='ltr'><strong>et</strong></span> <span class='ocrx_word' id='word_1_144' title='bbox 963 1727 1085 1795; x_wconf 67' lang='lat' dir='ltr'><strong>movibus</strong></span> <span class='ocrx_word' id='word_1_145' title='bbox 1097 1729 1230 1785; x_wconf 73' lang='lat' dir='ltr'>laboribus</span> <span class='ocrx_word' id='word_1_146' title='bbox 1246 1743 1350 1784; x_wconf 80' lang='lat' dir='ltr'><strong>emeno</strong></span> 
     </span>
     <span class='ocr_line' id='line_1_19' title="bbox 52 1811 1351 1886; baseline 0.005 -20"><span class='ocrx_word' id='word_1_147' title='bbox 52 1816 234 1882; x_wconf 71' lang='lat' dir='ltr'><strong>extinguuntur.</strong></span> <span class='ocrx_word' id='word_1_148' title='bbox 276 1817 365 1884; x_wconf 81' lang='lat' dir='ltr'><strong>Neque</strong></span> <span class='ocrx_word' id='word_1_149' title='bbox 383 1816 478 1869; x_wconf 89' lang='lat' dir='ltr'><strong>illicite</strong></span> <span class='ocrx_word' id='word_1_150' title='bbox 499 1811 554 1878; x_wconf 77' lang='lat' dir='ltr'><strong>erit</strong></span> <span class='ocrx_word' id='word_1_151' title='bbox 568 1811 675 1886; x_wconf 77' lang='lat' dir='ltr'><strong>Ferdi·</strong></span> <span class='ocrx_word' id='word_1_152' title='bbox 702 1815 735 1869; x_wconf 83' lang='lat' dir='ltr'><strong>ed</strong></span> <span class='ocrx_word' id='word_1_153' title='bbox 757 1815 860 1868; x_wconf 90' lang='lat' dir='ltr'><strong>noctem</strong></span> <span class='ocrx_word' id='word_1_154' title='bbox 884 1815 1024 1881; x_wconf 71' lang='lat' dir='ltr'><strong>adstringi,</strong></span> <span class='ocrx_word' id='word_1_155' title='bbox 1049 1821 1077 1870; x_wconf 89' lang='lat' dir='ltr'><strong>et</strong></span> <span class='ocrx_word' id='word_1_156' title='bbox 1094 1817 1241 1872; x_wconf 79' lang='lat' dir='ltr'><strong>mercedem</strong></span> <span class='ocrx_word' id='word_1_157' title='bbox 1261 1819 1351 1884; x_wconf 76' lang='lat' dir='ltr'><strong>dutus·</strong></span> 
     </span>
     <span class='ocr_line' id='line_1_20' title="bbox 52 1899 1350 1970; baseline 0.005 -17"><span class='ocrx_word' id='word_1_158' title='bbox 52 1904 147 1956; x_wconf 83' lang='lat' dir='ltr'><strong>nardus</strong></span> <span class='ocrx_word' id='word_1_159' title='bbox 164 1903 493 1970; x_wconf 73' lang='lat' dir='ltr'><strong>pmcirmmsiorrcpuem</strong></span> <span class='ocrx_word' id='word_1_160' title='bbox 505 1900 533 1952; x_wconf 89' lang='lat' dir='ltr'><strong>in</strong></span> <span class='ocrx_word' id='word_1_161' title='bbox 547 1899 676 1964; x_wconf 77' lang='lat' dir='ltr'><strong>iudicium</strong></span> <span class='ocrx_word' id='word_1_162' title='bbox 701 1901 773 1956; x_wconf 92' lang='lat' dir='ltr'><strong>modi</strong></span> <span class='ocrx_word' id='word_1_163' title='bbox 794 1901 921 1966; x_wconf 77' lang='lat' dir='ltr'><strong>onerariis</strong></span> <span class='ocrx_word' id='word_1_164' title='bbox 943 1902 1123 1958; x_wconf 68' lang='lat' dir='ltr'><strong>dari&#39;soiitem</strong></span> <span class='ocrx_word' id='word_1_165' title='bbox 1146 1917 1204 1958; x_wconf 89' lang='lat' dir='ltr'><strong>esse</strong></span> <span class='ocrx_word' id='word_1_166' title='bbox 1221 1906 1254 1960; x_wconf 87' lang='lat' dir='ltr'><strong>od</strong></span> <span class='ocrx_word' id='word_1_167' title='bbox 1273 1906 1350 1960; x_wconf 88' lang='lat' dir='ltr'><strong>mini·</strong></span> 
     </span>
     <span class='ocr_line' id='line_1_21' title="bbox 52 1985 1351 2058; baseline 0.004 -17"><span class='ocrx_word' id='word_1_168' title='bbox 52 1989 192 2056; x_wconf 71' lang='lat' dir='ltr'><strong>eminendo,</strong></span> <span class='ocrx_word' id='word_1_169' title='bbox 224 1993 292 2058; x_wconf 81' lang='lat' dir='ltr'><strong>quie</strong></span> <span class='ocrx_word' id='word_1_170' title='bbox 320 2001 368 2055; x_wconf 80' lang='lat' dir='ltr'><strong>uer</strong></span> <span class='ocrx_word' id='word_1_171' title='bbox 395 1991 480 2053; x_wconf 80' lang='lat' dir='ltr'><strong>iusum</strong></span> <span class='ocrx_word' id='word_1_172' title='bbox 508 1988 576 2041; x_wconf 86' lang='lat' dir='ltr'><strong>nidii</strong></span> <span class='ocrx_word' id='word_1_173' title='bbox 603 1985 675 2041; x_wconf 86' lang='lat' dir='ltr'><strong>eliud</strong></span> <span class='ocrx_word' id='word_1_174' title='bbox 701 1999 771 2042; x_wconf 88' lang='lat' dir='ltr'><strong>mum</strong></span> <span class='ocrx_word' id='word_1_175' title='bbox 795 1989 831 2044; x_wconf 88' lang='lat'><strong>80</strong></span> <span class='ocrx_word' id='word_1_176' title='bbox 856 1989 975 2055; x_wconf 74' lang='lat' dir='ltr'><strong>mancos,</strong></span> <span class='ocrx_word' id='word_1_177' title='bbox 1004 1991 1106 2045; x_wconf 79' lang='lat' dir='ltr'><strong>occulte</strong></span> <span class='ocrx_word' id='word_1_178' title='bbox 1129 2003 1177 2056; x_wconf 79' lang='lat' dir='ltr'><strong>pro</strong></span> <span class='ocrx_word' id='word_1_179' title='bbox 1202 1993 1293 2046; x_wconf 86' lang='lat' dir='ltr'><strong>reiore</strong></span> <span class='ocrx_word' id='word_1_180' title='bbox 1314 1987 1351 2046; x_wconf 84' lang='lat'><strong>40</strong></span> 
     </span>
     <span class='ocr_line' id='line_1_22' title="bbox 54 2072 1350 2144; baseline 0.008 -22"><span class='ocrx_word' id='word_1_181' title='bbox 54 2073 213 2144; x_wconf 74' lang='lat' dir='ltr'><strong>declarabitur,</strong></span> <span class='ocrx_word' id='word_1_182' title='bbox 240 2079 296 2132; x_wconf 88' lang='lat' dir='ltr'><strong>uisi</strong></span> <span class='ocrx_word' id='word_1_183' title='bbox 320 2075 451 2140; x_wconf 86' lang='lat' dir='ltr'><strong>deditum,</strong></span> <span class='ocrx_word' id='word_1_184' title='bbox 475 2074 544 2140; x_wconf 85' lang='lat' dir='ltr'><strong>oood</strong></span> <span class='ocrx_word' id='word_1_185' title='bbox 567 2072 675 2128; x_wconf 74' lang='lat' dir='ltr'><strong>derdt·</strong></span> <span class='ocrx_word' id='word_1_186' title='bbox 700 2077 851 2130; x_wconf 76' lang='lat' dir='ltr'><strong>truncorum</strong></span> <span class='ocrx_word' id='word_1_187' title='bbox 868 2088 897 2130; x_wconf 90' lang='lat' dir='ltr'><strong>se</strong></span> <span class='ocrx_word' id='word_1_188' title='bbox 915 2079 1107 2141; x_wconf 74' lang='lat' dir='ltr'><strong>compensarit,</strong></span> <span class='ocrx_word' id='word_1_189' title='bbox 1128 2079 1296 2144; x_wconf 83' lang='lat' dir='ltr'><strong>existimeris,</strong></span> <span class='ocrx_word' id='word_1_190' title='bbox 1320 2092 1350 2133; x_wconf 89' lang='lat' dir='ltr'><strong>se</strong></span> 
     </span>
     <span class='ocr_line' id='line_1_23' title="bbox 53 2161 1351 2230; baseline 0.008 -20"><span class='ocrx_word' id='word_1_191' title='bbox 53 2161 147 2217; x_wconf 87' lang='lat' dir='ltr'><strong>raudus</strong></span> <span class='ocrx_word' id='word_1_192' title='bbox 170 2177 232 2230; x_wconf 77' lang='lat' dir='ltr'><strong>ergo</strong></span> <span class='ocrx_word' id='word_1_193' title='bbox 258 2163 425 2220; x_wconf 78' lang='lat' dir='ltr'><strong>Aurelium</strong></span> <span class='ocrx_word' id='word_1_194' title='bbox 449 2163 616 2216; x_wconf 76' lang='lat' dir='ltr'><strong>contruxerat</strong></span> <span class='ocrx_word' id='word_1_195' title='bbox 642 2173 675 2213; x_wconf 82' lang='lat' dir='ltr'><strong>es</strong></span> <span class='ocrx_word' id='word_1_196' title='bbox 700 2175 753 2216; x_wconf 91' lang='lat' dir='ltr'><strong>oon</strong></span> <span class='ocrx_word' id='word_1_197' title='bbox 772 2173 851 2227; x_wconf 77' lang='lat' dir='ltr'><strong>egere</strong></span> <span class='ocrx_word' id='word_1_198' title='bbox 868 2162 977 2228; x_wconf 79' lang='lat' dir='ltr'><strong>iniuste,</strong></span> <span class='ocrx_word' id='word_1_199' title='bbox 1002 2164 1064 2230; x_wconf 81' lang='lat' dir='ltr'><strong>quio</strong></span> <span class='ocrx_word' id='word_1_200' title='bbox 1081 2166 1195 2218; x_wconf 86' lang='lat' dir='ltr'><strong>iomuius</strong></span> <span class='ocrx_word' id='word_1_201' title='bbox 1209 2166 1253 2230; x_wconf 79' lang='lat' dir='ltr'><strong>ins</strong></span> <span class='ocrx_word' id='word_1_202' title='bbox 1270 2167 1351 2220; x_wconf 81' lang='lat' dir='ltr'><strong>dedet</strong></span> 
     </span>
     <span class='ocr_line' id='line_1_24' title="bbox 54 2247 1350 2320; baseline 0.005 -22"><span class='ocrx_word' id='word_1_203' title='bbox 54 2249 126 2312; x_wconf 81' lang='lat' dir='ltr'><strong>mmo,</strong></span> <span class='ocrx_word' id='word_1_204' title='bbox 138 2253 253 2306; x_wconf 86' lang='lat' dir='ltr'><strong>solutum</strong></span> <span class='ocrx_word' id='word_1_205' title='bbox 268 2251 359 2314; x_wconf 88' lang='lat' dir='ltr'><strong>inisse,</strong></span> <span class='ocrx_word' id='word_1_206' title='bbox 372 2249 440 2314; x_wconf 77' lang='lat' dir='ltr'><strong>quod</strong></span> <span class='ocrx_word' id='word_1_207' title='bbox 452 2248 558 2303; x_wconf 74' lang='lat' dir='ltr'><strong>rerioti</strong></span> <span class='ocrx_word' id='word_1_208' title='bbox 569 2248 676 2301; x_wconf 91' lang='lat' dir='ltr'><strong>omnino</strong></span> <span class='ocrx_word' id='word_1_209' title='bbox 699 2250 795 2303; x_wconf 77' lang='lat' dir='ltr'><strong>saitem</strong></span> <span class='ocrx_word' id='word_1_210' title='bbox 813 2249 846 2302; x_wconf 82' lang='lat' dir='ltr'><strong>cd</strong></span> <span class='ocrx_word' id='word_1_211' title='bbox 864 2247 999 2303; x_wconf 69' lang='lat' dir='ltr'><strong>minimum</strong></span> <span class='ocrx_word' id='word_1_212' title='bbox 1017 2250 1173 2320; x_wconf 85' lang='lat' dir='ltr'><strong>mercedem,</strong></span> <span class='ocrx_word' id='word_1_213' title='bbox 1192 2253 1350 2318; x_wconf 81' lang='lat' dir='ltr'><strong>qucctribui</strong></span> 
     </span>
     <span class='ocr_line' id='line_1_25' title="bbox 53 2333 1350 2402; baseline 0.007 -18"><span class='ocrx_word' id='word_1_214' title='bbox 53 2342 166 2390; x_wconf 86' lang='lat' dir='ltr'><strong>ooosomm</strong></span> <span class='ocrx_word' id='word_1_215' title='bbox 183 2343 232 2392; x_wconf 80' lang='lat' dir='ltr'><strong>est</strong></span> <span class='ocrx_word' id='word_1_216' title='bbox 700 2336 778 2401; x_wconf 84' lang='lat' dir='ltr'><strong>solet,</strong></span> <span class='ocrx_word' id='word_1_217' title='bbox 797 2337 825 2387; x_wconf 85' lang='lat' dir='ltr'><strong>et</strong></span> <span class='ocrx_word' id='word_1_218' title='bbox 841 2333 907 2401; x_wconf 77' lang='lat' dir='ltr'><strong>inse,</strong></span> <span class='ocrx_word' id='word_1_219' title='bbox 927 2336 979 2388; x_wconf 85' lang='lat' dir='ltr'><strong>nist</strong></span> <span class='ocrx_word' id='word_1_220' title='bbox 991 2341 1145 2402; x_wconf 80' lang='lat' dir='ltr'><strong>ueuoertete</strong></span> <span class='ocrx_word' id='word_1_221' title='bbox 1161 2343 1267 2393; x_wconf 76' lang='lat' dir='ltr'><strong>coactos</strong></span> <span class='ocrx_word' id='word_1_222' title='bbox 1284 2340 1350 2393; x_wconf 83' lang='lat' dir='ltr'><strong>iots-</strong></span> 
     </span>
    </p>

    <p class='ocr_par' dir='ltr' id='par_1_11' title="bbox 53 2417 1349 3536">
     <span class='ocr_line' id='line_1_26' title="bbox 92 2417 1349 2491; baseline 0.006 -19"><span class='ocrx_word' id='word_1_223' title='bbox 92 2417 137 2475; x_wconf 82' lang='lat' dir='ltr'><strong>dii.</strong></span> <span class='ocrx_word' id='word_1_224' title='bbox 155 2449 188 2462; x_wconf 93' lang='lat'><em>-</em></span> <span class='ocrx_word' id='word_1_225' title='bbox 207 2427 237 2479; x_wconf 84' lang='lat' dir='ltr'><strong>ii.</strong></span> <span class='ocrx_word' id='word_1_226' title='bbox 257 2419 349 2476; x_wconf 58' lang='grc' dir='ltr'><strong>ΜΨ</strong></span> <span class='ocrx_word' id='word_1_227' title='bbox 363 2423 466 2484; x_wconf 75' lang='lat' dir='ltr'><strong>ouaee.</strong></span> <span class='ocrx_word' id='word_1_228' title='bbox 497 2419 676 2485; x_wconf 75' lang='lat' dir='ltr'><strong>Amnoottoe</strong></span> <span class='ocrx_word' id='word_1_229' title='bbox 701 2425 750 2486; x_wconf 87' lang='lat' dir='ltr'><strong>set,</strong></span> <span class='ocrx_word' id='word_1_230' title='bbox 769 2431 817 2486; x_wconf 82' lang='lat' dir='ltr'><strong>oro</strong></span> <span class='ocrx_word' id='word_1_231' title='bbox 834 2425 889 2476; x_wconf 85' lang='lat' dir='ltr'><strong>tom</strong></span> <span class='ocrx_word' id='word_1_232' title='bbox 907 2423 1003 2487; x_wconf 72' lang='lat' dir='ltr'><strong>exigua</strong></span> <span class='ocrx_word' id='word_1_233' title='bbox 1022 2424 1143 2478; x_wconf 84' lang='lat' dir='ltr'><strong>mercede</strong></span> <span class='ocrx_word' id='word_1_234' title='bbox 1161 2437 1225 2479; x_wconf 79' lang='lat' dir='ltr'><strong>sene</strong></span> <span class='ocrx_word' id='word_1_235' title='bbox 1242 2438 1349 2491; x_wconf 81' lang='lat' dir='ltr'><strong>operam</strong></span> 
     </span>
     <span class='ocr_line' id='line_1_27' title="bbox 54 2501 982 2573; baseline 0.002 -15"><span class='ocrx_word' id='word_1_236' title='bbox 54 2501 122 2561; x_wconf 83' lang='lat' dir='ltr'><strong>iteum</strong></span> <span class='ocrx_word' id='word_1_237' title='bbox 148 2521 182 2564; x_wconf 83' lang='lat' dir='ltr'><strong>cr</strong></span> <span class='ocrx_word' id='word_1_238' title='bbox 213 2510 337 2563; x_wconf 80' lang='lat' dir='ltr'><strong>doctrine</strong></span> <span class='ocrx_word' id='word_1_239' title='bbox 366 2511 393 2562; x_wconf 78' lang='lat' dir='ltr'><strong>s.</strong></span> <span class='ocrx_word' id='word_1_240' title='bbox 425 2508 540 2573; x_wconf 77' lang='lat' dir='ltr'><strong>directi.</strong></span> <span class='ocrx_word' id='word_1_241' title='bbox 583 2507 676 2561; x_wconf 73' lang='lat' dir='ltr'><strong>durare</strong></span> <span class='ocrx_word' id='word_1_242' title='bbox 700 2520 772 2561; x_wconf 81' lang='lat' dir='ltr'><strong>suem</strong></span> <span class='ocrx_word' id='word_1_243' title='bbox 791 2519 844 2562; x_wconf 92' lang='lat' dir='ltr'><strong>noo</strong></span> <span class='ocrx_word' id='word_1_244' title='bbox 862 2509 982 2563; x_wconf 84' lang='lat' dir='ltr'><strong>incesset.</strong></span> 
     </span>
     <span class='ocr_line' id='line_1_28' title="bbox 54 2591 823 2659; baseline -0.005 -8"><span class='ocrx_word' id='word_1_245' title='bbox 54 2595 362 2659; x_wconf 75' lang='lat' dir='ltr'><strong>iiistierdinaandee,</strong></span> <span class='ocrx_word' id='word_1_246' title='bbox 381 2607 411 2649; x_wconf 90' lang='lat' dir='ltr'><strong>se</strong></span> <span class='ocrx_word' id='word_1_247' title='bbox 424 2594 541 2648; x_wconf 86' lang='lat' dir='ltr'><strong>deditum</strong></span> <span class='ocrx_word' id='word_1_248' title='bbox 553 2595 674 2657; x_wconf 78' lang='lat' dir='ltr'><strong>soluisse,</strong></span> <span class='ocrx_word' id='word_1_249' title='bbox 752 2591 823 2647; x_wconf 76' lang='lat' dir='ltr'><strong>Hunc</strong></span> 
     </span>
     <span class='ocr_line' id='line_1_29' title="bbox 54 2674 1349 2751; baseline 0.007 -26"><span class='ocrx_word' id='word_1_250' title='bbox 54 2674 84 2728; x_wconf 88' lang='lat' dir='ltr'><strong>udi</strong></span> <span class='ocrx_word' id='word_1_251' title='bbox 100 2691 145 2733; x_wconf 90' lang='lat' dir='ltr'><strong>ooo</strong></span> <span class='ocrx_word' id='word_1_252' title='bbox 160 2681 283 2748; x_wconf 74' lang='lat' dir='ltr'><strong>suppetit</strong></span> <span class='ocrx_word' id='word_1_253' title='bbox 301 2682 355 2736; x_wconf 83' lang='lat' dir='ltr'><strong>aiio</strong></span> <span class='ocrx_word' id='word_1_254' title='bbox 372 2682 439 2734; x_wconf 81' lang='lat' dir='ltr'><strong>retio</strong></span> <span class='ocrx_word' id='word_1_255' title='bbox 461 2679 551 2735; x_wconf 77' lang='lat' dir='ltr'><strong>domni</strong></span> <span class='ocrx_word' id='word_1_256' title='bbox 568 2680 619 2734; x_wconf 84' lang='lat' dir='ltr'><strong>siti</strong></span> <span class='ocrx_word' id='word_1_257' title='bbox 636 2679 675 2733; x_wconf 94' lang='lat' dir='ltr'><strong>iu·</strong></span> <span class='ocrx_word' id='word_1_258' title='bbox 700 2679 820 2751; x_wconf 70' lang='lat' dir='ltr'><strong>Quaer.</strong></span> <span class='ocrx_word' id='word_1_259' title='bbox 838 2685 880 2740; x_wconf 77' lang='lat' dir='ltr'><strong>Ao</strong></span> <span class='ocrx_word' id='word_1_260' title='bbox 898 2682 1046 2738; x_wconf 75' lang='lat' dir='ltr'><strong>dicotur</strong></span> <span class='ocrx_word' id='word_1_261' title='bbox 1064 2681 1144 2737; x_wconf 83' lang='lat' dir='ltr'><strong>licite</strong></span> <span class='ocrx_word' id='word_1_262' title='bbox 1157 2683 1349 2747; x_wconf 77' lang='lat' dir='ltr'><strong>mcccsccrtte</strong></span> 
     </span>
     <span class='ocr_line' id='line_1_30' title="bbox 54 2759 1096 2836; baseline 0.007 -21"><span class='ocrx_word' id='word_1_263' title='bbox 54 2759 111 2816; x_wconf 82' lang='lat' dir='ltr'><strong>teitu</strong></span> <span class='ocrx_word' id='word_1_264' title='bbox 133 2769 287 2836; x_wconf 80' lang='lat' dir='ltr'><strong>reuerendi,</strong></span> <span class='ocrx_word' id='word_1_265' title='bbox 314 2769 417 2821; x_wconf 86' lang='lat' dir='ltr'><strong>secluso</strong></span> <span class='ocrx_word' id='word_1_266' title='bbox 443 2768 540 2831; x_wconf 74' lang='lat' dir='ltr'><strong>inluster</strong></span> <span class='ocrx_word' id='word_1_267' title='bbox 566 2769 676 2820; x_wconf 82' lang='lat' dir='ltr'><strong>citerius</strong></span> <span class='ocrx_word' id='word_1_268' title='bbox 958 2765 1096 2822; x_wconf 63' lang='lat' dir='ltr'><strong>Seium.</strong></span> 
     </span>
     <span class='ocr_line' id='line_1_31' title="bbox 55 2846 1348 2920; baseline 0.005 -18"><span class='ocrx_word' id='word_1_269' title='bbox 55 2846 131 2906; x_wconf 72' lang='lat' dir='ltr'><strong>douo.</strong></span> <span class='ocrx_word' id='word_1_270' title='bbox 164 2857 240 2911; x_wconf 81' lang='lat' dir='ltr'><strong>iuret</strong></span> <span class='ocrx_word' id='word_1_271' title='bbox 264 2855 335 2909; x_wconf 92' lang='lat' dir='ltr'><strong>enim</strong></span> <span class='ocrx_word' id='word_1_272' title='bbox 357 2854 390 2906; x_wconf 93' lang='lat' dir='ltr'><strong>de</strong></span> <span class='ocrx_word' id='word_1_273' title='bbox 409 2854 483 2918; x_wconf 65' lang='lat' dir='ltr'><strong>erari</strong></span> <span class='ocrx_word' id='word_1_274' title='bbox 504 2865 584 2908; x_wconf 82' lang='lat' dir='ltr'><strong>croso</strong></span> <span class='ocrx_word' id='word_1_275' title='bbox 600 2853 675 2919; x_wconf 80' lang='lat' dir='ltr'><strong>torta</strong></span> <span class='ocrx_word' id='word_1_276' title='bbox 752 2849 814 2908; x_wconf 82' lang='lat' dir='ltr'><strong>uro.</strong></span> <span class='ocrx_word' id='word_1_277' title='bbox 840 2879 876 2892; x_wconf 89' lang='lat'>-</span> <span class='ocrx_word' id='word_1_278' title='bbox 898 2857 929 2909; x_wconf 87' lang='lat' dir='ltr'><strong>ii.</strong></span> <span class='ocrx_word' id='word_1_279' title='bbox 950 2855 1098 2909; x_wconf 71' lang='lat' dir='ltr'><strong>Generatim</strong></span> <span class='ocrx_word' id='word_1_280' title='bbox 1115 2867 1169 2907; x_wconf 92' lang='lat' dir='ltr'><strong>non</strong></span> <span class='ocrx_word' id='word_1_281' title='bbox 1187 2859 1227 2908; x_wconf 88' lang='lat' dir='ltr'><strong>est</strong></span> <span class='ocrx_word' id='word_1_282' title='bbox 1243 2855 1348 2920; x_wconf 78' lang='lat' dir='ltr'><strong>permit-</strong></span> 
     </span>
     <span class='ocr_line' id='line_1_32' title="bbox 53 2937 1348 3010; baseline 0.009 -27"><span class='ocrx_word' id='word_1_283' title='bbox 53 2937 173 3006; x_wconf 83' lang='lat' dir='ltr'><strong>reritotcn,</strong></span> <span class='ocrx_word' id='word_1_284' title='bbox 195 2942 330 3010; x_wconf 87' lang='lat' dir='ltr'><strong>siquidem</strong></span> <span class='ocrx_word' id='word_1_285' title='bbox 347 2940 495 3006; x_wconf 76' lang='lat' dir='ltr'><strong>loramento</strong></span> <span class='ocrx_word' id='word_1_286' title='bbox 514 2941 622 3005; x_wconf 79' lang='lat' dir='ltr'><strong>usserit,</strong></span> <span class='ocrx_word' id='word_1_287' title='bbox 646 2952 674 2994; x_wconf 91' lang='lat' dir='ltr'><strong>se</strong></span> <span class='ocrx_word' id='word_1_288' title='bbox 700 2941 780 2995; x_wconf 81' lang='lat' dir='ltr'><strong>tende</strong></span> <span class='ocrx_word' id='word_1_289' title='bbox 808 2943 986 3005; x_wconf 75' lang='lat' dir='ltr'><strong>compensatio</strong></span> <span class='ocrx_word' id='word_1_290' title='bbox 1015 2943 1117 2994; x_wconf 82' lang='lat' dir='ltr'><strong>occulte</strong></span> <span class='ocrx_word' id='word_1_291' title='bbox 1146 2941 1271 3003; x_wconf 78' lang='lat' dir='ltr'><strong>somniis,</strong></span> <span class='ocrx_word' id='word_1_292' title='bbox 1303 2941 1348 3008; x_wconf 80' lang='lat' dir='ltr'><strong>qni</strong></span> 
     </span>
     <span class='ocr_line' id='line_1_33' title="bbox 53 3019 1348 3095; baseline 0.008 -26"><span class='ocrx_word' id='word_1_293' title='bbox 53 3019 100 3075; x_wconf 85' lang='lat' dir='ltr'><strong>uitii</strong></span> <span class='ocrx_word' id='word_1_294' title='bbox 124 3025 234 3095; x_wconf 87' lang='lat' dir='ltr'><strong>dedere,</strong></span> <span class='ocrx_word' id='word_1_295' title='bbox 269 3029 338 3095; x_wconf 79' lang='lat' dir='ltr'><strong>quod</strong></span> <span class='ocrx_word' id='word_1_296' title='bbox 368 3028 475 3082; x_wconf 92' lang='lat' dir='ltr'><strong>omnino</strong></span> <span class='ocrx_word' id='word_1_297' title='bbox 504 3039 594 3082; x_wconf 88' lang='lat' dir='ltr'><strong>rerum</strong></span> <span class='ocrx_word' id='word_1_298' title='bbox 625 3031 672 3081; x_wconf 87' lang='lat' dir='ltr'><strong>est.</strong></span> <span class='ocrx_word' id='word_1_299' title='bbox 696 3027 825 3094; x_wconf 78' lang='lat' dir='ltr'><strong>iudicent,</strong></span> <span class='ocrx_word' id='word_1_300' title='bbox 843 3026 991 3081; x_wconf 85' lang='lat' dir='ltr'><strong>mercedem</strong></span> <span class='ocrx_word' id='word_1_301' title='bbox 1003 3039 1079 3081; x_wconf 86' lang='lat' dir='ltr'><strong>suem</strong></span> <span class='ocrx_word' id='word_1_302' title='bbox 1090 3029 1217 3080; x_wconf 80' lang='lat' dir='ltr'><strong>minorem</strong></span> <span class='ocrx_word' id='word_1_303' title='bbox 1232 3039 1290 3080; x_wconf 88' lang='lat' dir='ltr'><strong>esse</strong></span> <span class='ocrx_word' id='word_1_304' title='bbox 1303 3027 1348 3081; x_wconf 87' lang='lat' dir='ltr'><strong>de·</strong></span> 
     </span>
     <span class='ocr_line' id='line_1_34' title="bbox 54 3101 1349 3180; baseline 0.011 -26"><span class='ocrx_word' id='word_1_305' title='bbox 54 3101 128 3164; x_wconf 87' lang='lat' dir='ltr'><strong>iterim</strong></span> <span class='ocrx_word' id='word_1_306' title='bbox 150 3117 262 3170; x_wconf 73' lang='lat' dir='ltr'><strong>assertio</strong></span> <span class='ocrx_word' id='word_1_307' title='bbox 285 3113 481 3170; x_wconf 80' lang='lat' dir='ltr'><strong>Ferdinrudi</strong></span> <span class='ocrx_word' id='word_1_308' title='bbox 508 3113 541 3167; x_wconf 93' lang='lat' dir='ltr'><strong>de</strong></span> <span class='ocrx_word' id='word_1_309' title='bbox 568 3117 674 3177; x_wconf 76' lang='lat' dir='ltr'><strong>derecte</strong></span> <span class='ocrx_word' id='word_1_310' title='bbox 699 3114 763 3180; x_wconf 82' lang='lat' dir='ltr'><strong>trito,</strong></span> <span class='ocrx_word' id='word_1_311' title='bbox 782 3115 843 3180; x_wconf 81' lang='lat' dir='ltr'><strong>quir</strong></span> <span class='ocrx_word' id='word_1_312' title='bbox 856 3114 935 3168; x_wconf 74' lang='lat' dir='ltr'><strong>inette</strong></span> <span class='ocrx_word' id='word_1_313' title='bbox 947 3113 984 3167; x_wconf 80' lang='lat' dir='ltr'><strong>ite</strong></span> <span class='ocrx_word' id='word_1_314' title='bbox 999 3113 1149 3177; x_wconf 82' lang='lat' dir='ltr'><strong>indicerent</strong></span> <span class='ocrx_word' id='word_1_315' title='bbox 1164 3113 1266 3178; x_wconf 84' lang='lat' dir='ltr'><strong>iemuti,</strong></span> <span class='ocrx_word' id='word_1_316' title='bbox 1286 3114 1349 3168; x_wconf 88' lang='lat' dir='ltr'><strong>iicet</strong></span> 
     </span>
     <span class='ocr_line' id='line_1_35' title="bbox 54 3191 1348 3266; baseline 0.011 -26"><span class='ocrx_word' id='word_1_317' title='bbox 54 3191 156 3252; x_wconf 80' lang='lat' dir='ltr'><strong>diutione</strong></span> <span class='ocrx_word' id='word_1_318' title='bbox 172 3207 212 3255; x_wconf 90' lang='lat' dir='ltr'><strong>est</strong></span> <span class='ocrx_word' id='word_1_319' title='bbox 223 3203 331 3257; x_wconf 74' lang='lat' dir='ltr'><strong>veritati</strong></span> <span class='ocrx_word' id='word_1_320' title='bbox 343 3201 493 3262; x_wconf 79' lang='lat' dir='ltr'><strong>conformis,</strong></span> <span class='ocrx_word' id='word_1_321' title='bbox 512 3211 571 3252; x_wconf 87' lang='lat' dir='ltr'><strong>cum</strong></span> <span class='ocrx_word' id='word_1_322' title='bbox 586 3199 674 3252; x_wconf 82' lang='lat' dir='ltr'><strong>detrita</strong></span> <span class='ocrx_word' id='word_1_323' title='bbox 700 3211 790 3255; x_wconf 85' lang='lat' dir='ltr'><strong>rerum</strong></span> <span class='ocrx_word' id='word_1_324' title='bbox 807 3213 861 3254; x_wconf 89' lang='lat' dir='ltr'><strong>non</strong></span> <span class='ocrx_word' id='word_1_325' title='bbox 879 3201 959 3264; x_wconf 87' lang='lat' dir='ltr'><strong>esset,</strong></span> <span class='ocrx_word' id='word_1_326' title='bbox 978 3205 1005 3252; x_wconf 89' lang='lat' dir='ltr'><strong>et</strong></span> <span class='ocrx_word' id='word_1_327' title='bbox 1021 3199 1061 3252; x_wconf 91' lang='lat' dir='ltr'><strong>sio</strong></span> <span class='ocrx_word' id='word_1_328' title='bbox 1078 3199 1230 3253; x_wconf 89' lang='lat' dir='ltr'><strong>innumeras</strong></span> <span class='ocrx_word' id='word_1_329' title='bbox 1246 3199 1348 3266; x_wconf 76' lang='lat' dir='ltr'><strong>iniusti·</strong></span> 
     </span>
     <span class='ocr_line' id='line_1_36' title="bbox 54 3278 1346 3354; baseline -0.003 -10"><span class='ocrx_word' id='word_1_330' title='bbox 54 3278 157 3344; x_wconf 65' lang='lat' dir='ltr'><strong>retiiimcc</strong></span> <span class='ocrx_word' id='word_1_331' title='bbox 173 3289 392 3354; x_wconf 72' lang='lat' dir='ltr'><strong>exstinguentem</strong></span> <span class='ocrx_word' id='word_1_332' title='bbox 413 3298 477 3352; x_wconf 73' lang='lat' dir='ltr'><strong>ergo</strong></span> <span class='ocrx_word' id='word_1_333' title='bbox 492 3284 560 3339; x_wconf 84' lang='lat' dir='ltr'><strong>nihii</strong></span> <span class='ocrx_word' id='word_1_334' title='bbox 578 3284 673 3346; x_wconf 79' lang='lat' dir='ltr'><strong>obstet,</strong></span> <span class='ocrx_word' id='word_1_335' title='bbox 699 3289 750 3340; x_wconf 87' lang='lat' dir='ltr'><strong>ties</strong></span> <span class='ocrx_word' id='word_1_336' title='bbox 773 3285 973 3340; x_wconf 83' lang='lat' dir='ltr'><strong>committerent</strong></span> <span class='ocrx_word' id='word_1_337' title='bbox 1011 3287 1118 3340; x_wconf 83' lang='lat' dir='ltr'><strong>constet</strong></span> <span class='ocrx_word' id='word_1_338' title='bbox 1138 3285 1219 3340; x_wconf 84' lang='lat' dir='ltr'><strong>etiem</strong></span> <span class='ocrx_word' id='word_1_339' title='bbox 1238 3299 1272 3341; x_wconf 84' lang='lat' dir='ltr'><strong>ex</strong></span> <span class='ocrx_word' id='word_1_340' title='bbox 1288 3297 1346 3352; x_wconf 81' lang='lat' dir='ltr'><strong>pro-</strong></span> 
     </span>
     <span class='ocr_line' id='line_1_37' title="bbox 55 3366 1343 3439; baseline 0.002 -15"><span class='ocrx_word' id='word_1_341' title='bbox 55 3369 163 3425; x_wconf 73' lang='lat' dir='ltr'><strong>doninus</strong></span> <span class='ocrx_word' id='word_1_342' title='bbox 175 3375 223 3430; x_wconf 81' lang='lat' dir='ltr'><strong>itte</strong></span> <span class='ocrx_word' id='word_1_343' title='bbox 234 3374 354 3439; x_wconf 74' lang='lat' dir='ltr'><strong>assertio,</strong></span> <span class='ocrx_word' id='word_1_344' title='bbox 373 3374 447 3438; x_wconf 73' lang='lat' dir='ltr'><strong>rrum</strong></span> <span class='ocrx_word' id='word_1_345' title='bbox 458 3376 571 3438; x_wconf 71' lang='lat' dir='ltr'><strong>urgente</strong></span> <span class='ocrx_word' id='word_1_346' title='bbox 584 3381 672 3432; x_wconf 80' lang='lat' dir='ltr'><strong>muse,</strong></span> <span class='ocrx_word' id='word_1_347' title='bbox 699 3373 829 3439; x_wconf 79' lang='lat' dir='ltr'><strong>positione</strong></span> <span class='ocrx_word' id='word_1_348' title='bbox 851 3367 894 3426; x_wconf 83' lang='grc'><strong>37.</strong></span> <span class='ocrx_word' id='word_1_349' title='bbox 919 3371 952 3423; x_wconf 84' lang='lat' dir='ltr'><strong>rh</strong></span> <span class='ocrx_word' id='word_1_350' title='bbox 969 3371 1122 3426; x_wconf 86' lang='lat' dir='ltr'><strong>innocentio</strong></span> <span class='ocrx_word' id='word_1_351' title='bbox 1143 3373 1185 3426; x_wconf 89' lang='lat' dir='ltr'><strong>iii.</strong></span> <span class='ocrx_word' id='word_1_352' title='bbox 1209 3366 1343 3438; x_wconf 74' lang='lat' dir='ltr'><strong>damumu</strong></span> 
     </span>
     <span class='ocr_line' id='line_1_38' title="bbox 55 3444 1346 3536; baseline -0.002 -20"><span class='ocrx_word' id='word_1_353' title='bbox 55 3444 233 3516; x_wconf 71' lang='lat' dir='ltr'><strong>iioiurmenu</strong></span> <span class='ocrx_word' id='word_1_354' title='bbox 250 3460 398 3514; x_wconf 84' lang='lat' dir='ltr'><strong>coodrmcri</strong></span> <span class='ocrx_word' id='word_1_355' title='bbox 416 3460 506 3525; x_wconf 75' lang='lat' dir='ltr'><strong>possit.</strong></span> <span class='ocrx_word' id='word_1_356' title='bbox 567 3529 569 3536; x_wconf 17' lang='lat' dir='ltr'>y</span> <span class='ocrx_word' id='word_1_357' title='bbox 699 3471 767 3526; x_wconf 81' lang='lat' dir='ltr'><strong>quse</strong></span> <span class='ocrx_word' id='word_1_358' title='bbox 784 3460 823 3512; x_wconf 89' lang='lat' dir='ltr'><strong>sic</strong></span> <span class='ocrx_word' id='word_1_359' title='bbox 838 3458 921 3522; x_wconf 83' lang='lat' dir='ltr'><strong>iacet:</strong></span> <span class='ocrx_word' id='word_1_360' title='bbox 949 3459 1065 3514; x_wconf 64' lang='lat' dir='ltr'><strong>domuit</strong></span> <span class='ocrx_word' id='word_1_361' title='bbox 1084 3462 1113 3515; x_wconf 85' lang='lat' dir='ltr'><strong>ei</strong></span> <span class='ocrx_word' id='word_1_362' title='bbox 1129 3457 1261 3523; x_wconf 74' lang='lat' dir='ltr'><strong>formiae</strong></span> <span class='ocrx_word' id='word_1_363' title='bbox 1280 3472 1346 3524; x_wconf 78' lang='lat' dir='ltr'><strong>nos·</strong></span> 
     </span>
    </p>

    <p class='ocr_par' dir='ltr' id='par_1_12' title="bbox 54 3533 1346 4564">
     <span class='ocr_line' id='line_1_39' title="bbox 88 3533 1345 3610; baseline 0.011 -24"><span class='ocrx_word' id='word_1_364' title='bbox 88 3533 140 3596; x_wconf 80' lang='lat' dir='ltr'><strong>diti.</strong></span> <span class='ocrx_word' id='word_1_365' title='bbox 161 3571 194 3583; x_wconf 89' lang='lat'><em>-</em></span> <span class='ocrx_word' id='word_1_366' title='bbox 217 3550 249 3602; x_wconf 91' lang='lat' dir='ltr'><strong>ii.</strong></span> <span class='ocrx_word' id='word_1_367' title='bbox 269 3545 313 3601; x_wconf 85' lang='lat' dir='ltr'><strong>od</strong></span> <span class='ocrx_word' id='word_1_368' title='bbox 330 3545 368 3599; x_wconf 79' lang='lat'><strong>3¹·</strong></span> <span class='ocrx_word' id='word_1_369' title='bbox 389 3549 490 3610; x_wconf 74' lang='lat' dir='ltr'><strong>occec.</strong></span> <span class='ocrx_word' id='word_1_370' title='bbox 526 3545 671 3609; x_wconf 73' lang='lat' dir='ltr'><strong>Nerones.</strong></span> <span class='ocrx_word' id='word_1_371' title='bbox 699 3549 771 3600; x_wconf 81' lang='lat' dir='ltr'><strong>root</strong></span> <span class='ocrx_word' id='word_1_372' title='bbox 778 3546 891 3600; x_wconf 74' lang='lat' dir='ltr'><strong>occulte</strong></span> <span class='ocrx_word' id='word_1_373' title='bbox 899 3545 977 3598; x_wconf 84' lang='lat' dir='ltr'><strong>derio</strong></span> <span class='ocrx_word' id='word_1_374' title='bbox 988 3546 1051 3598; x_wconf 80' lang='lat' dir='ltr'><strong>scete</strong></span> <span class='ocrx_word' id='word_1_375' title='bbox 1063 3547 1209 3609; x_wconf 77' lang='lat' dir='ltr'><strong>surripere</strong></span> <span class='ocrx_word' id='word_1_376' title='bbox 1219 3545 1261 3600; x_wconf 84' lang='lat' dir='ltr'><strong>od</strong></span> <span class='ocrx_word' id='word_1_377' title='bbox 1270 3558 1345 3600; x_wconf 84' lang='lat' dir='ltr'><strong>com-</strong></span> 
     </span>
     <span class='ocr_line' id='line_1_40' title="bbox 55 3615 1345 3698; baseline 0.014 -28"><span class='ocrx_word' id='word_1_378' title='bbox 55 3615 129 3680; x_wconf 83' lang='lat' dir='ltr'><strong>tteoim</strong></span> <span class='ocrx_word' id='word_1_379' title='bbox 146 3643 278 3698; x_wconf 70' lang='lat' dir='ltr'><strong>exuensne</strong></span> <span class='ocrx_word' id='word_1_380' title='bbox 291 3633 431 3698; x_wconf 79' lang='lat' dir='ltr'><strong>iudiciales</strong></span> <span class='ocrx_word' id='word_1_381' title='bbox 452 3631 595 3685; x_wconf 77' lang='lat' dir='ltr'><strong>soluendae</strong></span> <span class='ocrx_word' id='word_1_382' title='bbox 612 3635 675 3685; x_wconf 88' lang='lat' dir='ltr'><strong>suot</strong></span> <span class='ocrx_word' id='word_1_383' title='bbox 699 3629 882 3698; x_wconf 80' lang='lat' dir='ltr'><strong>pensandam</strong></span> <span class='ocrx_word' id='word_1_384' title='bbox 907 3643 1025 3697; x_wconf 72' lang='lat' dir='ltr'><strong>operam</strong></span> <span class='ocrx_word' id='word_1_385' title='bbox 1047 3643 1147 3695; x_wconf 77' lang='lat' dir='ltr'><strong>soom,</strong></span> <span class='ocrx_word' id='word_1_386' title='bbox 1174 3643 1262 3698; x_wconf 80' lang='lat' dir='ltr'><strong>quom</strong></span> <span class='ocrx_word' id='word_1_387' title='bbox 1283 3645 1345 3688; x_wconf 82' lang='lat' dir='ltr'><strong>ma·</strong></span> 
     </span>
     <span class='ocr_line' id='line_1_41' title="bbox 56 3702 1343 3785; baseline -0.001 -10"><span class='ocrx_word' id='word_1_388' title='bbox 56 3702 77 3754; x_wconf 54' lang='lat'><strong>⁸³</strong></span> <span class='ocrx_word' id='word_1_389' title='bbox 90 3721 126 3775; x_wconf 69' lang='lat'><strong>0⁰,</strong></span> <span class='ocrx_word' id='word_1_390' title='bbox 142 3721 185 3782; x_wconf 85' lang='lat' dir='ltr'><strong>oui</strong></span> <span class='ocrx_word' id='word_1_391' title='bbox 202 3720 299 3785; x_wconf 81' lang='lat' dir='ltr'><strong>injuste</strong></span> <span class='ocrx_word' id='word_1_392' title='bbox 318 3721 391 3774; x_wconf 89' lang='lat' dir='ltr'><strong>ittem</strong></span> <span class='ocrx_word' id='word_1_393' title='bbox 409 3719 491 3773; x_wconf 89' lang='lat' dir='ltr'><strong>morit</strong></span> <span class='ocrx_word' id='word_1_394' title='bbox 508 3716 536 3770; x_wconf 94' lang='lat' dir='ltr'><strong>in</strong></span> <span class='ocrx_word' id='word_1_395' title='bbox 548 3718 670 3781; x_wconf 72' lang='lat' dir='ltr'><strong>niumm,</strong></span> <span class='ocrx_word' id='word_1_396' title='bbox 692 3720 790 3782; x_wconf 79' lang='lat' dir='ltr'><strong>Jorcm</strong></span> <span class='ocrx_word' id='word_1_397' title='bbox 802 3715 944 3782; x_wconf 81' lang='lat' dir='ltr'><strong>Jodtconc</strong></span> <span class='ocrx_word' id='word_1_398' title='bbox 958 3718 1080 3780; x_wconf 81' lang='lat' dir='ltr'><strong>catorio,</strong></span> <span class='ocrx_word' id='word_1_399' title='bbox 1100 3716 1180 3783; x_wconf 76' lang='lat' dir='ltr'><strong>quod</strong></span> <span class='ocrx_word' id='word_1_400' title='bbox 1191 3721 1343 3784; x_wconf 70' lang='lat' dir='ltr'><strong>receptent.</strong></span> 
     </span>
     <span class='ocr_line' id='line_1_42' title="bbox 56 3798 1344 3872; baseline 0.005 -19"><span class='ocrx_word' id='word_1_401' title='bbox 56 3798 91 3846; x_wconf 75' lang='lat' dir='ltr'><strong>iii</strong></span> <span class='ocrx_word' id='word_1_402' title='bbox 105 3809 158 3856; x_wconf 82' lang='lat' dir='ltr'><strong>vero</strong></span> <span class='ocrx_word' id='word_1_403' title='bbox 175 3805 207 3858; x_wconf 82' lang='lat' dir='ltr'><strong>eb</strong></span> <span class='ocrx_word' id='word_1_404' title='bbox 226 3815 270 3872; x_wconf 84' lang='lat' dir='ltr'><strong>eo,</strong></span> <span class='ocrx_word' id='word_1_405' title='bbox 294 3805 336 3859; x_wconf 91' lang='lat' dir='ltr'><strong>cui</strong></span> <span class='ocrx_word' id='word_1_406' title='bbox 354 3815 435 3859; x_wconf 74' lang='lat' dir='ltr'><strong>coust</strong></span> <span class='ocrx_word' id='word_1_407' title='bbox 449 3804 519 3868; x_wconf 84' lang='lat' dir='ltr'><strong>iuste</strong></span> <span class='ocrx_word' id='word_1_408' title='bbox 540 3802 670 3858; x_wconf 81' lang='lat' dir='ltr'><strong>tribuitur.</strong></span> <span class='ocrx_word' id='word_1_409' title='bbox 700 3805 837 3871; x_wconf 79' lang='lat' dir='ltr'><strong>Excipiunt</strong></span> <span class='ocrx_word' id='word_1_410' title='bbox 848 3809 935 3858; x_wconf 79' lang='lat' dir='ltr'><strong>tumeo</strong></span> <span class='ocrx_word' id='word_1_411' title='bbox 953 3805 1068 3871; x_wconf 72' lang='lat' dir='ltr'><strong>theologi</strong></span> <span class='ocrx_word' id='word_1_412' title='bbox 1084 3816 1138 3858; x_wconf 93' lang='lat' dir='ltr'><strong>non</strong></span> <span class='ocrx_word' id='word_1_413' title='bbox 1156 3807 1234 3871; x_wconf 79' lang='lat' dir='ltr'><strong>ponci</strong></span> <span class='ocrx_word' id='word_1_414' title='bbox 1245 3819 1344 3872; x_wconf 86' lang='lat' dir='ltr'><strong>cesum,</strong></span> 
     </span>
     <span class='ocr_line' id='line_1_43' title="bbox 55 3871 1345 3959; baseline 0.005 -19"><span class='ocrx_word' id='word_1_415' title='bbox 55 3871 125 3940; x_wconf 71' lang='lat' dir='ltr'><strong>Eitto</strong></span> <span class='ocrx_word' id='word_1_416' title='bbox 139 3891 336 3947; x_wconf 82' lang='lat' dir='ltr'><strong>soioiureiio</strong></span> <span class='ocrx_word' id='word_1_417' title='bbox 353 3891 498 3946; x_wconf 81' lang='lat' dir='ltr'><strong>soieeudee</strong></span> <span class='ocrx_word' id='word_1_418' title='bbox 513 3895 583 3944; x_wconf 86' lang='lat' dir='ltr'><strong>sunt</strong></span> <span class='ocrx_word' id='word_1_419' title='bbox 620 3891 672 3944; x_wconf 84' lang='lat' dir='ltr'><strong>Nee</strong></span> <span class='ocrx_word' id='word_1_420' title='bbox 699 3893 726 3946; x_wconf 89' lang='lat' dir='ltr'><strong>io</strong></span> <span class='ocrx_word' id='word_1_421' title='bbox 751 3905 801 3958; x_wconf 82' lang='lat' dir='ltr'><strong>quo</strong></span> <span class='ocrx_word' id='word_1_422' title='bbox 826 3892 939 3946; x_wconf 81' lang='lat' dir='ltr'><strong>romulus</strong></span> <span class='ocrx_word' id='word_1_423' title='bbox 962 3894 1119 3946; x_wconf 87' lang='lat' dir='ltr'><strong>necessitate</strong></span> <span class='ocrx_word' id='word_1_424' title='bbox 1145 3893 1294 3959; x_wconf 83' lang='lat' dir='ltr'><strong>compulsos</strong></span> <span class='ocrx_word' id='word_1_425' title='bbox 1317 3894 1345 3946; x_wconf 91' lang='lat' dir='ltr'><strong>io</strong></span> 
     </span>
     <span class='ocr_line' id='line_1_44' title="bbox 56 3957 1345 4045; baseline 0.001 -13"><span class='ocrx_word' id='word_1_426' title='bbox 56 3957 129 4032; x_wconf 75' lang='lat' dir='ltr'><strong>duur,</strong></span> <span class='ocrx_word' id='word_1_427' title='bbox 151 3978 219 4040; x_wconf 83' lang='lat' dir='ltr'><strong>duod</strong></span> <span class='ocrx_word' id='word_1_428' title='bbox 240 3979 357 4035; x_wconf 87' lang='lat' dir='ltr'><strong>deditum</strong></span> <span class='ocrx_word' id='word_1_429' title='bbox 379 3977 462 4043; x_wconf 81' lang='lat' dir='ltr'><strong>nouis</strong></span> <span class='ocrx_word' id='word_1_430' title='bbox 483 3990 498 4031; x_wconf 90' lang='lat' dir='ltr'><strong>a</strong></span> <span class='ocrx_word' id='word_1_431' title='bbox 522 3978 575 4032; x_wconf 90' lang='lat' dir='ltr'><strong>dtio</strong></span> <span class='ocrx_word' id='word_1_432' title='bbox 593 3978 674 4032; x_wconf 82' lang='lat' dir='ltr'><strong>tuerit</strong></span> <span class='ocrx_word' id='word_1_433' title='bbox 699 3980 845 4032; x_wconf 88' lang='lat' dir='ltr'><strong>mercedem</strong></span> <span class='ocrx_word' id='word_1_434' title='bbox 875 3979 957 4031; x_wconf 86' lang='lat' dir='ltr'><strong>mutto</strong></span> <span class='ocrx_word' id='word_1_435' title='bbox 987 3979 1056 4033; x_wconf 88' lang='lat' dir='ltr'><strong>inira</strong></span> <span class='ocrx_word' id='word_1_436' title='bbox 1085 3977 1202 4032; x_wconf 84' lang='lat' dir='ltr'><strong>inimum</strong></span> <span class='ocrx_word' id='word_1_437' title='bbox 1232 3978 1345 4045; x_wconf 78' lang='lat' dir='ltr'><strong>pretium</strong></span> 
     </span>
     <span class='ocr_line' id='line_1_45' title="bbox 54 4048 1345 4130; baseline 0.004 -15"><span class='ocrx_word' id='word_1_438' title='bbox 54 4048 107 4105; x_wconf 63' lang='lat'><strong>⁹³⁰³</strong></span> <span class='ocrx_word' id='word_1_439' title='bbox 124 4057 265 4123; x_wconf 69' lang='lat' dir='ltr'><strong>irroratum</strong></span> <span class='ocrx_word' id='word_1_440' title='bbox 287 4069 313 4119; x_wconf 86' lang='lat' dir='ltr'><strong>et</strong></span> <span class='ocrx_word' id='word_1_441' title='bbox 336 4064 405 4130; x_wconf 81' lang='lat' dir='ltr'><strong>duod</strong></span> <span class='ocrx_word' id='word_1_442' title='bbox 429 4065 456 4117; x_wconf 93' lang='lat' dir='ltr'><strong>in</strong></span> <span class='ocrx_word' id='word_1_443' title='bbox 481 4065 537 4118; x_wconf 91' lang='lat' dir='ltr'><strong>ioro</strong></span> <span class='ocrx_word' id='word_1_444' title='bbox 562 4067 672 4118; x_wconf 82' lang='lat' dir='ltr'><strong>externo</strong></span> <span class='ocrx_word' id='word_1_445' title='bbox 699 4066 869 4129; x_wconf 87' lang='lat' dir='ltr'><strong>consenserit,</strong></span> <span class='ocrx_word' id='word_1_446' title='bbox 888 4063 964 4118; x_wconf 90' lang='lat' dir='ltr'><strong>modo</strong></span> <span class='ocrx_word' id='word_1_447' title='bbox 983 4068 1071 4119; x_wconf 85' lang='lat' dir='ltr'><strong>temen</strong></span> <span class='ocrx_word' id='word_1_448' title='bbox 1090 4065 1209 4120; x_wconf 87' lang='lat' dir='ltr'><strong>dominus</strong></span> <span class='ocrx_word' id='word_1_449' title='bbox 1227 4064 1294 4118; x_wconf 85' lang='lat' dir='ltr'><strong>otios</strong></span> <span class='ocrx_word' id='word_1_450' title='bbox 1306 4067 1345 4120; x_wconf 86' lang='lat' dir='ltr'><strong>io·</strong></span> 
     </span>
     <span class='ocr_line' id='line_1_46' title="bbox 55 4131 1346 4216; baseline 0.012 -28"><span class='ocrx_word' id='word_1_451' title='bbox 55 4135 197 4203; x_wconf 75' lang='lat' dir='ltr'><strong>rotulum</strong></span> <span class='ocrx_word' id='word_1_452' title='bbox 208 4151 302 4216; x_wconf 79' lang='lat' dir='ltr'><strong>possit:</strong></span> <span class='ocrx_word' id='word_1_453' title='bbox 321 4149 420 4206; x_wconf 89' lang='lat' dir='ltr'><strong>soiiicit</strong></span> <span class='ocrx_word' id='word_1_454' title='bbox 435 4151 514 4215; x_wconf 84' lang='lat' dir='ltr'><strong>enim,</strong></span> <span class='ocrx_word' id='word_1_455' title='bbox 533 4154 563 4205; x_wconf 89' lang='lat' dir='ltr'><strong>ut</strong></span> <span class='ocrx_word' id='word_1_456' title='bbox 574 4151 610 4204; x_wconf 89' lang='lat' dir='ltr'><strong>sit</strong></span> <span class='ocrx_word' id='word_1_457' title='bbox 627 4151 671 4204; x_wconf 90' lang='lat' dir='ltr'><strong>de·</strong></span> <span class='ocrx_word' id='word_1_458' title='bbox 700 4153 784 4206; x_wconf 88' lang='lat' dir='ltr'><strong>mulos</strong></span> <span class='ocrx_word' id='word_1_459' title='bbox 802 4152 893 4205; x_wconf 87' lang='lat' dir='ltr'><strong>eodem</strong></span> <span class='ocrx_word' id='word_1_460' title='bbox 906 4151 953 4206; x_wconf 87' lang='lat' dir='ltr'><strong>riti</strong></span> <span class='ocrx_word' id='word_1_461' title='bbox 970 4131 1061 4215; x_wconf 78' lang='lat' dir='ltr'><strong>pretio</strong></span> <span class='ocrx_word' id='word_1_462' title='bbox 1072 4163 1125 4205; x_wconf 91' lang='lat' dir='ltr'><strong>uon</strong></span> <span class='ocrx_word' id='word_1_463' title='bbox 1142 4151 1287 4206; x_wconf 85' lang='lat' dir='ltr'><strong>inuenisset</strong></span> <span class='ocrx_word' id='word_1_464' title='bbox 1302 4152 1346 4207; x_wconf 87' lang='lat' dir='ltr'><strong>ret</strong></span> 
     </span>
     <span class='ocr_line' id='line_1_47' title="bbox 54 4211 1345 4303; baseline 0.003 -16"><span class='ocrx_word' id='word_1_465' title='bbox 54 4211 116 4278; x_wconf 79' lang='lat' dir='ltr'><strong>titum</strong></span> <span class='ocrx_word' id='word_1_466' title='bbox 136 4239 238 4291; x_wconf 86' lang='lat' dir='ltr'><strong>certum.</strong></span> <span class='ocrx_word' id='word_1_467' title='bbox 279 4239 344 4293; x_wconf 84' lang='lat' dir='ltr'><strong>Nem</strong></span> <span class='ocrx_word' id='word_1_468' title='bbox 368 4239 446 4302; x_wconf 78' lang='lat' dir='ltr'><strong>cuiue</strong></span> <span class='ocrx_word' id='word_1_469' title='bbox 473 4236 610 4290; x_wconf 84' lang='lat' dir='ltr'><strong>tribuendo</strong></span> <span class='ocrx_word' id='word_1_470' title='bbox 632 4241 673 4289; x_wconf 92' lang='lat' dir='ltr'><strong>est</strong></span> <span class='ocrx_word' id='word_1_471' title='bbox 699 4239 770 4291; x_wconf 84' lang='lat' dir='ltr'><strong>truoc</strong></span> <span class='ocrx_word' id='word_1_472' title='bbox 785 4242 922 4303; x_wconf 69' lang='lat' dir='ltr'><strong>rosentem</strong></span> <span class='ocrx_word' id='word_1_473' title='bbox 941 4249 975 4291; x_wconf 84' lang='lat' dir='ltr'><strong>ex</strong></span> <span class='ocrx_word' id='word_1_474' title='bbox 992 4239 1170 4292; x_wconf 78' lang='lat' dir='ltr'><strong>misericordie</strong></span> <span class='ocrx_word' id='word_1_475' title='bbox 1188 4251 1240 4292; x_wconf 92' lang='lat' dir='ltr'><strong>oon</strong></span> <span class='ocrx_word' id='word_1_476' title='bbox 1257 4249 1345 4292; x_wconf 88' lang='lat' dir='ltr'><strong>susce·</strong></span> 
     </span>
     <span class='ocr_line' id='line_1_48' title="bbox 55 4309 1346 4390; baseline 0.012 -30"><span class='ocrx_word' id='word_1_477' title='bbox 55 4309 227 4378; x_wconf 84' lang='lat' dir='ltr'><strong>ittriinreiii</strong></span> <span class='ocrx_word' id='word_1_478' title='bbox 244 4323 545 4382; x_wconf 86' lang='lat' dir='ltr'><strong>obdeditaesoiuttonts</strong></span> <span class='ocrx_word' id='word_1_479' title='bbox 557 4335 668 4386; x_wconf 84' lang='lat' dir='ltr'><strong>morom;</strong></span> <span class='ocrx_word' id='word_1_480' title='bbox 699 4326 775 4390; x_wconf 81' lang='lat' dir='ltr'><strong>uerit.</strong></span> <span class='ocrx_word' id='word_1_481' title='bbox 819 4328 866 4380; x_wconf 82' lang='lat' dir='ltr'><strong>ita</strong></span> <span class='ocrx_word' id='word_1_482' title='bbox 888 4327 916 4378; x_wconf 74' lang='lat' dir='ltr'><strong>S.</strong></span> <span class='ocrx_word' id='word_1_483' title='bbox 942 4323 1001 4389; x_wconf 75' lang='lat' dir='ltr'><strong>dio.</strong></span> <span class='ocrx_word' id='word_1_484' title='bbox 1030 4337 1058 4378; x_wconf 82' lang='lat' dir='ltr'><strong>n.</strong></span> <span class='ocrx_word' id='word_1_485' title='bbox 1087 4326 1158 4379; x_wconf 81' lang='lat'><strong><em>522.</em></strong></span> <span class='ocrx_word' id='word_1_486' title='bbox 1201 4329 1239 4378; x_wconf 89' lang='lat' dir='ltr'><strong>itu</strong></span> <span class='ocrx_word' id='word_1_487' title='bbox 1265 4324 1346 4388; x_wconf 76' lang='lat' dir='ltr'><strong>tritor</strong></span> 
     </span>
     <span class='ocr_line' id='line_1_49' title="bbox 55 4398 1343 4488; baseline 0.002 -28"><span class='ocrx_word' id='word_1_488' title='bbox 55 4398 169 4488; x_wconf 56' lang='lat' dir='ltr'><strong>Quem</strong></span> <span class='ocrx_word' id='word_1_489' title='bbox 180 4412 258 4474; x_wconf 78' lang='lat' dir='ltr'><strong>nouis</strong></span> <span class='ocrx_word' id='word_1_490' title='bbox 271 4413 356 4477; x_wconf 81' lang='lat' dir='ltr'><strong>iusum</strong></span> <span class='ocrx_word' id='word_1_491' title='bbox 372 4411 455 4466; x_wconf 84' lang='lat' dir='ltr'><strong>ditum</strong></span> <span class='ocrx_word' id='word_1_492' title='bbox 471 4412 574 4474; x_wconf 77' lang='lat' dir='ltr'><strong>premit.</strong></span> <span class='ocrx_word' id='word_1_493' title='bbox 604 4409 671 4474; x_wconf 76' lang='lat' dir='ltr'><strong>Ergo</strong></span> <span class='ocrx_word' id='word_1_494' title='bbox 699 4411 818 4466; x_wconf 86' lang='lat' dir='ltr'><strong>iecieude</strong></span> <span class='ocrx_word' id='word_1_495' title='bbox 841 4412 877 4464; x_wconf 87' lang='lat' dir='ltr'><strong>sit</strong></span> <span class='ocrx_word' id='word_1_496' title='bbox 898 4412 1018 4475; x_wconf 81' lang='lat' dir='ltr'><strong>exceptio</strong></span> <span class='ocrx_word' id='word_1_497' title='bbox 1034 4423 1082 4476; x_wconf 82' lang='lat' dir='ltr'><strong>pro</strong></span> <span class='ocrx_word' id='word_1_498' title='bbox 1102 4411 1198 4464; x_wconf 89' lang='lat' dir='ltr'><strong>misero</strong></span> <span class='ocrx_word' id='word_1_499' title='bbox 1216 4411 1343 4474; x_wconf 82' lang='lat' dir='ltr'><strong>iterio,</strong></span> 
     </span>
     <span class='ocr_line' id='line_1_50' title="bbox 55 4471 1297 4564; baseline 0.016 -36"><span class='ocrx_word' id='word_1_500' title='bbox 55 4471 236 4555; x_wconf 80' lang='lat' dir='ltr'><strong>iiuseruenses</strong></span> <span class='ocrx_word' id='word_1_501' title='bbox 246 4499 385 4564; x_wconf 81' lang='lat' dir='ltr'><strong>ludioioies</strong></span> <span class='ocrx_word' id='word_1_502' title='bbox 397 4500 499 4552; x_wconf 83' lang='lat' dir='ltr'><strong>solvere</strong></span> <span class='ocrx_word' id='word_1_503' title='bbox 511 4497 598 4557; x_wconf 87' lang='lat' dir='ltr'><strong>debet,</strong></span> <span class='ocrx_word' id='word_1_504' title='bbox 613 4499 670 4562; x_wconf 77' lang='lat' dir='ltr'><strong>quio</strong></span> <span class='ocrx_word' id='word_1_505' title='bbox 699 4513 731 4553; x_wconf 87' lang='lat' dir='ltr'><strong>ox</strong></span> <span class='ocrx_word' id='word_1_506' title='bbox 749 4499 813 4552; x_wconf 89' lang='lat' dir='ltr'><strong>sotis</strong></span> <span class='ocrx_word' id='word_1_507' title='bbox 831 4497 1034 4552; x_wconf 78' lang='lat' dir='ltr'><strong>circumstantiis</strong></span> <span class='ocrx_word' id='word_1_508' title='bbox 1049 4496 1219 4560; x_wconf 73' lang='lat' dir='ltr'><strong>iudicandum</strong></span> <span class='ocrx_word' id='word_1_509' title='bbox 1237 4497 1297 4550; x_wconf 90' lang='lat' dir='ltr'><strong>erit.</strong></span> 
     </span>
    </p>
   </div>
   <div class='ocr_carea' id='block_1_8' title="bbox 524 4635 834 4652">
    <p class='ocr_par' dir='ltr' id='par_1_13' title="bbox 524 4635 834 4652">
     <span class='ocr_line' id='line_1_51' title="bbox 524 4635 834 4652; baseline -0.003 -2"><span class='ocrx_word' id='word_1_510' title='bbox 524 4635 834 4652; x_wconf 50' lang='grc' dir='ltr'><strong>ψ</strong></span> 
     </span>
    </p>
   </div>
   <div class='ocr_carea' id='block_1_9' title="bbox 1074 4736 1138 4800">
    <p class='ocr_par' dir='ltr' id='par_1_14' title="bbox 1074 4736 1138 4800">
     <span class='ocr_line' id='line_1_52' title="bbox 1074 4736 1138 4800; baseline 0.016 -1"><span class='ocrx_word' id='word_1_511' title='bbox 1074 4736 1138 4800; x_wconf 76' lang='grc'><strong>12*</strong></span> 
     </span>
    </p>
   </div>
   <div class='ocr_carea' id='block_1_10' title="bbox 0 0 1590 4996">
    <p class='ocr_par' dir='ltr' id='par_1_15' title="bbox 0 0 1590 4996">
     <span class='ocr_line' id='line_1_53' title="bbox 0 0 1590 4996; baseline 0 0"><span class='ocrx_word' id='word_1_512' title='bbox 0 0 1590 4996; x_wconf 95' lang='lat' dir='ltr'><strong> </strong></span> 
     </span>
    </p>
   </div>
  </div>
 </body>
</html>
