3148 4992
178 135 230 189 114
563 127 602 180 ba
620 125 740 189 QUARTO
757 122 933 178 rbiecsrio
952 122 1116 178 uectium.

178 277 218 330 vis
248 269 412 326 damnandus
440 270 527 329 esset,
562 263 621 330 qula
656 262 737 318 illlam
767 264 824 315 sine
853 262 947 315 marito
969 261 1147 326 obtemperet,
1171 261 1253 325 patris
1278 260 1483 328 querimonias
1508 265 1535 315 et

176 361 247 427 iusta
270 369 349 412 causa
373 355 406 408 ab
423 354 533 406 6666666
558 349 687 404 66666616
705 347 824 414 impedit.
852 347 962 401 dicteria
985 346 1105 400 incurrit.
1143 347 1208 409 6616
1233 347 1337 400 misera
1363 348 1444 400 inter
1463 348 1533 400 mal·

180 450 201 500 lt
231 443 332 498 fortiori
361 439 387 494 ld
415 443 483 494 foret
512 436 695 498 asserendum,
727 435 751 486 sl
779 433 827 488 llic
853 433 924 486 leun
944 435 971 484 et
989 432 1111 486 incudem
1131 434 1233 497 positar
1264 434 1300 488 66
1325 437 1428 488 tantas
1448 445 1533 499 angu-

181 533 286 598 lamen
308 528 516 583 consortiorum
534 523 617 577 milite
641 520 749 588 gravida
767 532 827 574 eva·
854 519 918 573 atlas
942 516 1047 571 redacta
1067 520 1148 572 ileum
1172 523 1278 581 exorat,
1304 523 1341 572 ut
1367 519 1417 573 vel
1446 533 1463 573 a
1489 533 1534 585 pa·

180 620 267 673 sisset,
855 611 939 669 rente,
959 605 1002 658 vel
1015 617 1030 656 a
1044 605 1137 658 marito
1156 618 1215 658 cam
1233 605 1342 670 liberet,
1367 609 1399 660 et
1415 611 1534 659 mortem

233 699 264 756 2⁰
281 699 353 765 quod
366 699 399 753 66
411 697 586 760 liuiallam,
607 693 767 750 absolvenda
780 696 829 756 est,
856 693 935 745 unius
953 692 995 744 vel
1014 691 1122 744 alterius
1140 693 1257 756 exoptat,
1276 703 1343 746 cum
1366 691 1426 758 ipsi
1442 690 1533 745 videa·

181 792 243 858 quia
260 793 358 843 statum
380 783 546 848 religiosum,
570 782 604 836 ad
626 792 703 848 quem
725 792 755 832 se
773 789 831 832 sen·
858 784 908 844 tur,
926 791 955 832 ae
974 791 1025 832 uon
1044 789 1121 842 posse
1140 778 1284 831 ullomodo
1303 779 1401 832 vitam
1421 778 1531 830 ducere.

182 879 266 931 tiebat
289 877 421 936 vocatam,
450 884 502 925 non
525 873 566 923 ast
589 871 752 933 amplexata,
780 864 832 918 nisi
912 861 981 916 Huc

182 977 211 1018 rc
238 966 340 1016 mature
367 964 394 1014 ct
420 960 466 1011 616
493 967 622 1022 perpensa
650 956 677 1008 et
706 952 833 1006 facultate
860 953 977 1023 Quaer.
990 950 1073 1008 1⁰All
1108 957 1137 1006 et
1171 949 1316 1016 quomodo
1349 952 1535 1017 peccaverit

184 1050 257 1115 prius
283 1051 435 1101 reverenter
461 1043 551 1108 petita.
594 1041 646 1094 Nec
673 1036 832 1100 damnanda,
1032 1037 1232 1094 balduino?

183 1134 266 1201 quod,
290 1145 349 1196 cum
367 1131 439 1186 allud
456 1128 573 1184 medium
592 1127 617 1180 el
642 1137 694 1180 non
711 1126 833 1188 suppete·
988 1122 1018 1178 ii
1032 1124 1107 1190 occid
1140 1128 1168 1180 el
1196 1138 1216 1179 c
1249 1122 1457 1188 confessario
1494 1125 1531 1177 att

182 1225 239 1286 ret,
269 1218 397 1274 voluntati
423 1217 529 1272 divinae
557 1211 734 1276 obsequendi,
765 1210 833 1262 clam
1032 1207 1531 1278 praectpundumetmaaenapmt

179 1307 329 1373 aufugerit:
357 1305 403 1359 sed
431 1303 519 1369 pravis
543 1299 645 1366 pcccati
670 1296 833 1350 damnandus
1115 1294 1252 1353 Solatia.

181 1398 329 1460 astutas,
354 1383 832 1456 1616616666161666666616611616
912 1382 1304 1449 866.—ll.ud1¹²¹ouoes.
1346 1386 1467 1453 Absque
1485 1385 1530 1439 du-

184 1480 273 1547 lnlque
290 1479 403 1533 nudans.
860 1471 902 1526 bio
923 1472 1087 1527 Balduina
1109 1473 1226 1538 graviter
1247 1474 1391 1538 peccavit,
1419 1479 1449 1527 et
1473 1474 1527 1538 qui·

234 1563 297 1618 ³65.
326 1590 359 1601 -
386 1564 417 1616 li.
444 1558 486 1615 ad
508 1557 547 1612 3⁸²
572 1561 674 1620 06666.
711 1563 793 1615 66616
817 1571 833 1611 6
860 1559 919 1612 dem
947 1561 1037 1624 toties,
1064 1559 1166 1626 quoties
1194 1564 1304 1613 mortem
1332 1561 1401 1613 sive
1431 1560 1527 1623 patris,

184 1650 346 1704 confessario
365 1651 392 1702 in
415 1646 543 1711 eiusmodi
564 1647 670 1700 casibus
693 1649 833 1712 proceden-
859 1649 916 1700 aive
934 1646 1021 1699 mariti
1041 1648 1184 1711 exoptavit,
1205 1647 1257 1700 nlsl
1276 1649 1346 1701 forte
1361 1646 1525 1712 quandoque

184 1738 256 1790 dum.
293 1737 408 1790 donetur
430 1733 515 1787 omnia
539 1734 670 1800 utrimque
691 1734 835 1800 prudenter
860 1745 894 1786 ex
911 1733 1197 1797 imperfectioneactua
1211 1735 1468 1788 seuadvertentlae
1483 1733 1525 1786 66

184 1827 211 1876 et
233 1823 350 1876 suaviter
373 1831 544 1885 componere,
570 1821 609 1874 ita
633 1825 662 1874 ut
682 1823 726 1874 vel
744 1822 835 1884 poeul-
860 1821 931 1874 fectu
954 1825 1102 1874 excusetur.
1141 1820 1214 1874 Ratio
1236 1825 1291 1886 cst,
1318 1821 1388 1887 qula
1415 1819 1522 1877 intuitu,

186 1913 245 1962 tens
262 1907 360 1974 nuptiis
379 1907 486 1960 intentis
498 1907 639 1970 renuntiet,
658 1908 701 1961 vel
713 1911 835 1972 parantes
861 1909 931 1961 bunc
953 1907 1086 1960 infelicem
1108 1913 1207 1961 statum
1224 1920 1272 1960 seu
1289 1909 1398 1960 malum
1424 1913 1522 1969 tempo·

186 1995 215 2047 in
236 2005 310 2048 suam
333 1998 434 2058 partem
453 1991 574 2046 adducat.
613 1993 761 2048 Generatim
782 1993 834 2046 dis·
860 1995 916 2048 raie
944 1993 1087 2054 evadendi,
1117 1994 1187 2057 patri
1214 1995 1258 2047 vel
1282 1996 1383 2048 marito
1414 1994 1522 2056 exoptat

186 2081 320 2135 suadenda
344 2085 405 2134 sunt
429 2078 557 2143 eiusmodi
586 2079 717 2134 connubia
743 2083 834 2134 contra
861 2083 985 2144 mortem,
1017 2078 1086 2144 quod
1112 2080 1210 2133 maium
1242 2081 1320 2145 longe
1348 2080 1441 2146 majus
1473 2080 1518 2131 ast

186 2168 347 2221 voluntatem
371 2173 507 2231 parentum
531 2179 610 2220 caeco
629 2178 718 2220 amore
738 2168 834 2231 potius,
861 2167 928 2231 Ergo
946 2165 1062 2231 graviter
1079 2169 1170 2219 contra
1188 2166 1325 2220 caritatem
1344 2174 1374 2222 et
1394 2167 1519 2232 pietatem

187 2264 264 2319 quam
288 2265 352 2306 sana
370 2255 471 2307 ratione
494 2253 681 2306 contrabenda.
719 2253 835 2307 1166666-
863 2253 989 2318 peccavit.
1028 2251 1134 2306 Minime
1156 2257 1244 2308 lamen
1268 2253 1451 2308 dubitantium
1472 2254 1517 2312 est,

187 2351 238 2405 que
262 2339 330 2392 enlm
353 2340 455 2404 sponsi,
480 2341 525 2405 qul
546 2340 696 2394 inordinato
719 2339 835 2393 libidinis
862 2341 925 2405 quin
947 2340 974 2393 lu
996 2339 1089 2392 mediis
1112 2345 1150 2393 tot
1171 2341 1304 2395 aerumnis
1327 2355 1378 2396 scu
1401 2345 1444 2394 tot
1461 2351 1518 2392 con·

187 2431 261 2480 aestu
280 2427 350 2479 ducti
369 2427 465 2491 nuptiis
488 2426 605 2489 lnblant,
629 2425 763 2480 infelicem
781 2438 835 2479 sor·
863 2426 1060 2481 tradictlonlbus
1083 2431 1110 2480 et
1132 2428 1260 2492 querelis,
1287 2430 1387 2496 qulbus
1415 2425 1515 2490 impeti·

187 2513 289 2566 tluutur
306 2512 415 2577 exitum,
434 2513 576 2580 siquidem,
597 2517 626 2567 ut
643 2515 758 2578 lugenda
775 2527 837 2570 con·
862 2517 905 2584 tur
922 2515 1018 2567 misera
1034 2515 1133 2568 muller
1150 2515 1177 2568 in
1189 2515 1256 2568 tran
1278 2523 1305 2570 et
1321 2512 1515 2582 impatientiam

187 2602 240 2653 stat
263 2599 440 2664 experientia,
467 2612 540 2654 amur
563 2600 610 2652 llic
632 2611 758 2665 vesanus,
785 2613 835 2666 quo
862 2601 1007 2666 concitata,
1035 2601 1135 2665 pluries
1160 2615 1176 2654 a
1199 2603 1274 2667 gravi
1301 2608 1413 2669 peccato
1440 2611 1514 2656 excu-

186 2686 299 2752 prlmum
319 2686 451 2748 feruntur,
476 2686 503 2738 lu
525 2685 614 2740 odium
631 2686 749 2740 converti
767 2688 837 2741 solet
861 2687 944 2740 sanda
962 2689 1005 2752 sit,
1025 2689 1180 2752 praesertim
1199 2702 1258 2743 cum
1277 2702 1329 2744 non
1347 2689 1512 2747 inimicitiae,

187 2772 239 2827 cito
257 2775 284 2825 et
302 2772 355 2826 levi
374 2772 407 2825 de
424 2785 513 2827 causa.
861 2775 906 2826 sed
925 2785 1013 2829 merae
1032 2773 1237 2832 abominationis
1255 2778 1314 2833 odio
1333 2778 1494 2844 impellatur.

239 2860 428 2923 Nihilominus,
457 2860 479 2912 61
507 2860 681 2914 confessarius
705 2861 834 2924 advertat,
914 2858 975 2914 361.
999 2889 1032 2898 -
1057 2864 1086 2916 lt.
1113 2860 1155 2916 od
1178 2863 1217 2916 21ιι
1241 2867 1345 2927 occas.
1387 2866 1510 2927 satagen-

186 2948 352 3012 poenitentes
361 2946 443 3002 nullis
451 2947 595 3001 rationibus
605 2945 750 3001 dissuaderi
760 2959 837 3012 posse
862 2947 924 3000 dum
942 2951 982 3002 est
999 2949 1170 3014 confessario,
1190 2955 1220 3005 ut
1231 2953 1417 3007 Baldulnac
1436 2947 1510 3004 addat

187 3045 283 3100 eosque
304 3034 406 3099 magnis
429 3034 553 3099 periculis
575 3035 746 3100 exponendus
769 3033 835 3100 iore,
864 3034 978 3090 animum
997 3046 1107 3104 eamque
1125 3037 1157 3092 ad
1177 3038 1331 3102 patientiam
1348 3039 1508 3105 pmmcvect

186 3121 244 3178 616
265 3122 431 3177 matrimonio
455 3121 642 3192 impediantur,
666 3124 729 3189 ipsis
752 3124 837 3178 indul·
862 3126 996 3191 proposito
1010 3125 1104 3182 ebriati
1117 3125 1242 3192 patientis
1255 3127 1376 3190 exemplo
1397 3120 1509 3180 etmeri-

187 3210 834 3278 6666661661,661166666666661661666666.
863 3217 948 3268 torum
970 3213 1032 3268 lude
1055 3215 1263 3278 colligendorum
1285 3216 1407 3279 cumulo,
1428 3210 1508 3275 subic-

187 3292 216 3345 Sl
234 3305 296 3346 i⁰i⁰
311 3294 389 3358 iustis
408 3299 440 3352 66
459 3300 545 3354 causis
563 3304 684 3364 parentes
705 3301 837 3354 matrimo·
863 3306 956 3369 ctaquc
974 3301 1130 3356 necessitate
1148 3301 1328 3363 poenitentiae
1343 3302 1371 3355 ln
1390 3304 1442 3356 bac
1459 3300 1508 3354 vita

188 3378 232 3438 nlo
256 3378 369 3434 illiorum
393 3387 511 3450 obstent,
539 3389 631 3442 bcmm
657 3389 836 3443 contumaciae
862 3390 958 3455 potius,
974 3388 1194 3454 quaminaltera,
1211 3389 1386 3452 peragendae.
1416 3387 1507 3442 cavut

185 3466 309 3524 sacerdos
321 3468 461 3523 connivere
473 3485 525 3525 non
538 3477 632 3537 potest.
648 3500 680 3510 —
702 3477 834 3540 iuomp.
862 3474 1049 3538 confessarius,
1076 3486 1110 3526 ne
1132 3473 1271 3528 mulierem
1293 3475 1420 3540 corripiat
1442 3470 1506 3526 duri·

188 3562 217 3604 6.
238 3553 310 3605 666.
331 3556 399 3609 ctt’.
417 3556 451 3610 11.
470 3570 500 3610 tv.
522 3561 593 3613 156.
614 3561 687 3615 732.
709 3563 781 3616 755.
801 3587 835 3599 -
863 3563 951 3617 oribus
971 3561 1072 3623 verbis,
1097 3562 1140 3616 vel
1163 3573 1197 3615 ne
1223 3573 1314 3627 aspera
1332 3562 1505 3630 increpatione

185 3637 268 3696 Elbfl
283 3651 310 3693 n.
334 3643 405 3693 du.
859 3649 914 3713 jam
932 3649 996 3702 satis
1015 3649 1129 3704 afflictae
1151 3649 1320 3704 affiictionem
1341 3647 1501 3717 superaddat.

396 3770 545 3844 CASUS
566 3777 617 3845 IV
862 3735 976 3790 Tffldeffl
998 3747 1063 3836 eim.
1079 3736 1151 3800 iliius
1175 3741 1356 3802 praeparatam
1374 3752 1406 3793 ac
1424 3737 1502 3828 dispo

619 3829 626 3845 '
861 3823 938 3876 sitan
952 3823 1117 3878 absolutione
1130 3825 1231 3878 muniat
1243 3837 1273 3878 ao
1285 3828 1392 3880 soletur.
1416 3818 1502 3888 Quodsi

322 3891 445 3946 OFFICH
462 3892 609 3950 FMORUM
627 3892 693 3960 (4⁰)·
863 3911 929 3963 allas
946 3922 1006 3964 cum
1019 3911 1113 3964 iisdem
1126 3913 1241 3976 peccatis
1256 3914 1350 3967 lterum
1363 3913 1501 3972 ltemliiiiii

238 3985 414 4049 Baldulna,
433 3989 600 4042 matrimonio
617 3991 770 4060 coniuncta,
789 4007 834 4060 pa·
862 3995 961 4060 redeat,
981 3996 1074 4050 ecdem
1090 3998 1176 4062 modo,
1197 4002 1323 4063 quantum
1335 3997 1391 4052 deri
1404 3990 1499 4062 potuit

186 4073 256 4125 renti
275 4075 435 4139 pauperculo
454 4079 480 4128 et
493 4075 686 4130 infirmitatibus
699 4080 778 4133 variis
791 4079 835 4132 ob·
862 4083 1015 4149 accipientia
1026 4088 1054 4137 et
1071 4085 1235 4139 absolutione
1253 4085 1381 4140 solvenda
1398 4085 1453 4138 erit.
1470 4101 1498 4116 -

187 4161 246 4211 rute
264 4159 339 4224 quasi
358 4161 481 4215 continuo
499 4162 632 4216 deservire
651 4166 765 4232 cupitum
788 4167 834 4219 sed
869 4169 923 4225 ild.
946 4172 1043 4235 comp.
1064 4183 1092 4225 n.
1115 4173 1186 4224 664.
1207 4198 1241 4209 -
1261 4171 1339 4225 littei
1354 4185 1382 4226 n.
1405 4171 1471 4224 617.

186 4245 267 4298 etiam
290 4247 369 4299 simul
387 4247 411 4300 el
430 4248 523 4302 marito
540 4255 644 4304 austero
666 4255 693 4303 et
710 4252 836 4306 iracundo

186 4331 383 4398 obsequendum
401 4339 449 4388 est.
486 4337 514 4388 Si
527 4338 639 4402 genitori
653 4338 789 4404 inserviat,
808 4339 835 4391 in
1078 4303 1228 4376 OASUS
1251 4309 1293 4377 V·

186 4420 274 4474 mariti
292 4421 500 4486 indignationem
519 4424 629 4479 incurrit
645 4428 673 4478 et
690 4427 723 4479 ab
742 4438 773 4480 eo
791 4428 836 4479 cb·
991 4423 1111 4477 oflicii
1128 4424 1295 4479 Pliiiiiilllll
1312 4421 1379 4492 (li).

182 4504 302 4571 iurgatur
313 4509 440 4575 severius,
461 4511 530 4575 quod
549 4512 666 4576 prolibus
678 4517 706 4567 et
722 4513 781 4566 ollis
796 4527 836 4568 re-
914 4515 1086 4582 liiiiunus,
1123 4530 1279 4574 numerosae
1312 4523 1394 4584 prolis
1422 4519 1492 4586 patri·

185 4592 233 4655 bns
253 4595 401 4651 domesticis
420 4597 550 4652 nonsatis
570 4597 706 4666 invigilem
726 4601 836 4666 quodsi
863 4601 958 4666 exiguo
977 4603 1034 4656 cibo
1053 4608 1201 4672 vestituque
1220 4608 1265 4661 vir
1277 4606 1417 4663 sufficienti
1431 4597 1494 4661 uxori
