3168 4998
489 197 528 252 ild
546 196 671 252 illusus
688 197 947 253 utuuleicitooltil.
1330 195 1382 252 201

69 335 94 384 S.
115 329 247 396 lineriaco
269 335 426 386 senteutiam
450 335 596 400 eunosltem
619 337 712 399 proba·
740 333 906 389 lierilaiis
935 348 950 389 a
979 349 1009 390 se
1039 335 1138 400 neeiso,
1170 335 1231 402 quia
1260 347 1319 390 eum
1347 348 1391 392 oe·

69 417 141 470 bilem
159 425 253 470 eeuset
271 431 328 473 eum
347 421 424 486 Lateo
442 427 492 474 ete.
740 420 827 474 eldere
851 422 937 476 uoluit
961 435 1010 478 nee
1031 424 1087 488 eius
1110 423 1233 476 damnum
1257 423 1391 478 ullatenus

114 499 373 560 sio.-1i.ad2=
387 511 490 570 Oenea.
509 508 616 563 iildeter
628 507 660 562 ad
673 519 714 561 re·
740 507 878 571 praevidit.
921 508 1023 562 Etenim
1053 509 1086 562 ad
1116 510 1183 563 nibil
1213 513 1317 564 tenetur
1343 523 1391 575 uro

67 589 715 660 sdtutlonemdamuauduscoeies,saltemlexta
742 595 839 657 eltuto,
867 605 927 647 eum
951 593 1059 649 illaesus
1087 601 1208 662 maneat3
1234 608 1320 662 meque
1343 609 1391 661 uro

67 677 269 732 communiorem
286 689 312 735 et
330 682 533 748 probabiliorem
544 683 712 746 senteutiam,
742 680 826 744 bore,
861 691 919 733 eum
949 678 1021 733 llllus
1056 680 1152 735 oeelslo
1181 694 1266 750 neque
1297 683 1389 748 volita,

67 765 92 814 ut
107 763 183 817 modo
203 763 306 820 dietum
319 772 368 822 est
387 795 421 806 -
448 769 580 833 idoneo.
595 782 624 824 oa.
641 771 712 823 bed.
741 776 826 831 neque
855 766 976 832 praevisa
1005 767 1094 822 tuerit.
1137 767 1203 832 ould
1233 771 1338 832 autem,
1367 769 1392 822 el

67 851 180 904 letamen
188 852 271 917 iuxta
283 852 428 909 deetrluam
442 859 470 910 S.
483 855 594 922 deuerti
604 854 714 908 coeles
740 863 880 918 utrumque
912 852 1009 906 aulrnal
1039 853 1072 905 ad
1102 855 1224 908 eumdem
1257 854 1391 908 domiuum

68 934 95 986 ad
110 937 310 994 restitutionem
329 942 460 1007 urgendus
478 955 530 996 non
548 947 625 996 esset.
741 940 928 1002 uertluulsaeti
962 939 1057 994 Eodem
1082 941 1263 994 modoetiam
1286 941 1391 994 solien-

110 1017 170 1076 648.
196 1049 234 1062 -
258 1027 291 1080 il.
318 1025 361 1081 nd
382 1024 420 1078 δ’·
446 1029 549 1090 oetaeo.
586 1026 714 1082 certius
741 1025 790 1078 dus
812 1029 882 1079 esset
903 1039 992 1080 casus:
1017 1037 1121 1091 semper
1143 1027 1213 1079 enim
1236 1037 1329 1082 uerum
1350 1039 1392 1079 es·

67 1105 95 1160 ob
111 1107 181 1163 omui
203 1122 289 1165 onere
309 1113 481 1168 restitutionis
503 1115 646 1168 soluendus
663 1117 712 1177 est,
740 1113 798 1176 set,
833 1114 958 1165 damnum
987 1114 1090 1166 illatum
1125 1124 1178 1166 nou
1207 1112 1288 1166 luisse
1316 1125 1391 1178 prae·

66 1195 85 1246 ai
99 1194 222 1250 iulium
241 1210 259 1251 a
278 1201 373 1264 noeulo
392 1199 505 1256 bibendo
524 1200 714 1266 impedireuon
740 1199 835 1252 risum.
864 1224 898 1235 -
927 1199 1028 1253 lieeoie
1055 1195 1135 1254 dieta
1161 1197 1198 1252 de
1223 1199 1311 1253 acted.
1340 1198 1391 1252 dee·

66 1281 144 1342 notuit
172 1283 280 1348 absque
307 1288 415 1341 sceleris
448 1287 658 1343 manifestumne
687 1290 716 1340 et
741 1297 820 1340 mon.
846 1298 875 1338 aa.
900 1286 930 1338 4.
957 1286 1021 1338 eoa.
1048 1286 1084 1340 ll.
1110 1282 1274 1350 eod-queen.
1302 1287 1330 1339 3.
1356 1309 1391 1322 -

66 1365 128 1420 eltae
145 1369 279 1433 oerieulo.
316 1373 390 1428 llatlo
407 1379 457 1438 est,
477 1376 539 1441 qula
553 1373 715 1429 morsiuiil
749 1373 772 1426 i.
795 1373 889 1437 comp.
909 1384 938 1428 o.
959 1372 1032 1425 072.
1053 1366 1095 1424 θ’.

65 1451 165 1507 mlulme
187 1457 243 1512 luit
268 1460 376 1514 curtio
401 1462 562 1528 voluntarla,
586 1462 714 1528 siquidem
793 1455 854 1513 650.
882 1485 916 1496 -
943 1459 974 1512 ll.
1004 1455 1047 1511 ad
1070 1455 1110 1509 2·
1134 1461 1237 1521 boues.
1280 1455 1390 1511 cletus

66 1549 146 1592 naum
173 1543 248 1596 bune
275 1546 433 1610 praevidere
459 1559 510 1601 nou
536 1547 636 1613 potuit,
665 1560 715 1600 nee
742 1548 847 1599 leuetur
868 1545 901 1600 ad
923 1545 1116 1599 restitutionem
1135 1545 1212 1611 iuxta
1233 1544 1392 1598 senteutiam

65 1625 199 1684 tenebatur
216 1642 280 1684 eum
299 1639 370 1686 eerto
389 1633 459 1687 uliae
475 1634 592 1699 periculo
604 1639 714 1688 moriem
742 1642 906 1685 communem
930 1633 1118 1696 theologorum.
1155 1632 1230 1688 ilatio
1253 1637 1306 1696 est,
1330 1632 1392 1697 quia

66 1711 166 1766 alterius
196 1729 253 1771 uou
284 1721 430 1784 praevisam
460 1728 589 1775 auertere.
636 1720 717 1786 iqltur
743 1718 839 1771 adsunt
873 1731 964 1772 omues
993 1719 1158 1774 eoudltiones
1187 1717 1329 1785 requisitae
1358 1716 1391 1770 ad

67 1807 107 1858 ier
131 1801 261 1856 accidens
291 1809 392 1860 tautum
423 1809 450 1860 et
479 1813 585 1873 praeter
611 1807 715 1866 curili
742 1805 885 1870 eruendam
920 1804 1009 1859 damni
1042 1807 1254 1871 reparationem,
1291 1803 1393 1858 seilicet

68 1882 223 1942 niuntaoem
242 1900 314 1944 mors
324 1893 403 1946 lulli
421 1895 517 1947 euenit.
555 1895 622 1960 Ergo
640 1896 716 1949 cur·
745 1888 773 1943 1·
785 1893 863 1956 eulpa
876 1892 1025 1957 tbeologlea
1037 1893 1140 1959 grarls3
1154 1887 1185 1943 2⁰
1197 1891 1265 1946 aetio
1280 1891 1390 1956 iujusta3

69 1967 124 2022 tius
146 1975 275 2028 muniuit
297 1989 378 2031 eausa
399 1978 493 2034 eldeax
514 1981 605 2034 mortis
622 1979 713 2045 iulii,
742 1974 773 2032 3⁸
795 1979 864 2032 aetio
882 1978 971 2032 damni
993 1989 1056 2033 uere
1074 1977 1176 2033 eltleex.
1214 1981 1281 2043 Ergo
1299 1989 1394 2044 reauee

69 2053 107 2106 sed
119 2069 190 2112 meru
203 2062 322 2130 oeeaslo;
339 2064 445 2120 iulius
462 2069 533 2120 euim
545 2069 714 2132 semetipsum
743 2066 857 2121 cletus
874 2066 909 2119 ad
927 2065 1118 2119 restitutlonem
1139 2069 1252 2119 tenetur.

69 2147 193 2210 elimarit,
215 2152 343 2213 poculum
361 2164 413 2205 uon
431 2155 482 2207 sibl
499 2154 659 2208 destinatum
677 2152 715 2206 bl·
794 2150 855 2207 651.
875 2179 909 2190 -
927 2153 1030 2219 Negant
1046 2159 1134 2206 tamen
1156 2152 1258 2216 plures,
1282 2163 1394 2218 quorum

70 2223 153 2284 leudo.
173 2261 208 2270 -
237 2237 334 2310 Voqler
351 2251 380 2292 n.
404 2242 476 2294 175.
742 2240 874 2293 sententia
903 2239 1008 2294 uidetur
1036 2238 1179 2304 probabilia
1209 2241 1238 2292 S.
1270 2237 1391 2304 diodoto,

278 2370 428 2442 cesus
450 2375 497 2441 x·
742 2327 891 2477 lllllll
907 2323 1331 2466 ‘itittil'tttiiili
1350 2324 1394 2466 ii

192 2487 317 2543 ERRANS
335 2491 369 2545 ΙΝ
386 2492 495 2546 llllillo
513 2488 575 2558 (2⁸).
742 2501 886 2566 urgeudam
908 2499 1114 2565 restitutionem,
1140 2511 1248 2563 nempe,
1274 2502 1304 2553 ut
1324 2499 1393 2553 artie

114 2573 143 2626 1⁹
172 2580 338 2648 lupianus
370 2586 475 2639 modum
505 2588 616 2641 noeeudl
645 2590 716 2654 syl·
742 2590 776 2642 sll
801 2587 946 2642 iormaliter
973 2586 1069 2650 iniusta
1092 2598 1139 2639 eeu
1163 2585 1311 2650 theologice
1336 2587 1393 2639 eul-
1470 2623 1477 2646 ,

72 2667 155 2730 eauo,
174 2665 362 2733 inimieosuo,
385 2673 562 2739 quaeritabat,
581 2675 715 2740 eumelus
742 2675 838 2740 nabilis
867 2686 930 2739 erga
967 2673 1102 2728 dominum
1135 2673 1252 2737 laesum;
1286 2671 1395 2724 nolebat

71 2745 210 2807 uitulumlu
222 2756 334 2821 praedio
347 2757 713 2824 dominiuaseeutemeernit.
742 2762 813 2817 enim
840 2760 1021 2816 dumnldeator
1050 2758 1111 2814 bule
1138 2770 1246 2822 nocere,
1276 2757 1323 2810 sed
1356 2757 1395 2808 ai·

71 2829 198 2903 Extemplo
228 2843 344 2897 ferream
374 2844 488 2900 dstutam
518 2847 546 2901 lu
577 2848 715 2903 bestiolam
742 2848 807 2915 teri3
832 2848 985 2902 intendebat
1008 2847 1132 2901 damnum
1157 2845 1255 2900 inferre
1276 2843 1393 2908 lulmleo,

71 2923 191 2990 erolodlt,
220 2929 269 2982 sed
294 2931 440 2986 inassum:
468 2945 530 2988 narn
555 2935 614 2990 loeo
640 2937 716 2990 uituli
742 2948 794 2990 nou
813 2947 876 2989 uero
894 2936 978 2990 amieo
999 2946 1056 2988 sun.

71 3003 154 3064 bouem
184 3016 364 3082 bertlalis,
401 3021 459 3084 inse
492 3021 629 3087 ignorante
659 3027 718 3088 pust
796 3019 857 3076 652.
889 3048 924 3059 —
953 3020 1007 3075 sed
1034 3032 1089 3072 uou
1117 3019 1224 3073 uidetur
1249 3013 1394 3068 deserenda

71 3103 151 3158 libem
169 3102 261 3166 quiete
275 3103 415 3170 laeautem,
436 3107 541 3162 oceidit.
743 3108 874 3162 sententia
889 3106 1035 3163 eommunia
1053 3106 1243 3170 theologorum.
1279 3104 1394 3165 Resoom

118 3179 146 3232 2‘
164 3189 292 3254 eletus,
314 3193 407 3245 volens
426 3205 521 3250 uoeere
538 3197 641 3256 retro,
667 3196 716 3250 lui·
744 3196 800 3250 derl
831 3195 901 3249 enlm
935 3197 1022 3260 potest
1056 3191 1229 3250 aduersariis.
1265 3190 1395 3243 aetlouem

74 3267 134 3320 mioo
158 3284 221 3340 suo,
254 3278 339 3341 uergit
364 3283 441 3332 noete
471 3281 504 3334 ad
530 3282 587 3346 elus
611 3282 717 3336 vineam
745 3281 937 3336 damulileantls
970 3281 998 3335 in
1032 3283 1081 3334 boe
1114 3289 1177 3332 ease
1210 3289 1269 3330 esse
1299 3286 1395 3330 revera

75 3356 241 3427 testandam
281 3362 328 3414 sed
364 3375 425 3417 ecee
466 3364 595 3430 legendus
631 3370 715 3422 errori
744 3368 868 3432 iniustam
903 3367 1091 3433 smmudter,
1126 3364 1188 3432 qula
1223 3363 1395 3418 damultloaus

76 3441 202 3500 nesciebat
227 3448 288 3514 llle,
315 3451 421 3505 vineam
448 3453 516 3505 bane
541 3457 632 3518 paneis
657 3460 718 3508 aute
746 3467 808 3509 uere
832 3457 890 3508 vult
910 3467 966 3508 rem
988 3455 1167 3518 praesentem,
1192 3450 1395 3504 determinatam

76 3521 160 3584 diebus
184 3547 200 3587 a
226 3535 317 3590 Petro
342 3538 474 3591 eeudltam
499 3539 581 3593 luisse
605 3541 716 3605 Paulo,
745 3542 890 3597 destruere.
932 3541 1009 3595 Paret
1034 3538 1103 3592 enlm
1126 3539 1220 3602 relert,
1247 3538 1333 3604 quails
1360 3535 1396 3590 sit

77 3613 153 3669 amieo
170 3632 227 3674 sun,
266 3622 466 3686 buarerlneam
479 3637 531 3678 nou
544 3625 652 3692 lutmiel,
671 3629 717 3682 sed
744 3629 785 3684 rei
807 3629 883 3694 bolus
906 3628 1042 3691 domiuus;
1066 3627 1124 3679 slve
1146 3626 1182 3680 ait
1201 3627 1315 3680 Petrus
1338 3624 1395 3677 slve

77 3701 147 3754 eniel
163 3707 205 3761 sul
223 3711 345 3764 uastauit.
745 3717 878 3780 Paulus,
906 3712 981 3768 boeot
1007 3711 1157 3766 babendum
1183 3714 1237 3774 est,
1264 3709 1395 3776 siquidem

122 3782 190 3844 ΗΜ
746 3802 864 3871 quaestio
883 3801 996 3855 uomluls
1017 3801 1058 3852 est
1079 3810 1151 3852 mere
1174 3796 1344 3850 aeeldeutalts
1361 3795 1395 3849 ad

79 3864 484 3948 beneventensem
507 3886 647 3944 damnem
671 3883 719 3944 bo·
745 3903 853 3952 easum,
887 3899 937 3941 nee
965 3887 1140 3940 substanttam
1168 3885 1208 3938 ret
1240 3883 1329 3938 aldelt
1361 3909 1395 3920 -

243 3971 288 4023 ote
305 3971 504 4028 involuntarie
527 3976 619 4029 occisi
636 3988 719 4041 reno·
752 3979 776 4032 ν.
798 3978 893 4040 como.
913 3987 942 4031 oe.
963 3975 1037 4027 m.

244 4057 609 4212 o'niizoiiteti:
626 4064 721 4204 eti
950 4106 1100 4179 esus
1122 4105 1187 4174 n

245 4233 326 4287 tulna
340 4235 547 4300 pertimesci?
886 4225 1061 4282 lllbssiiLils
1078 4222 1255 4279 lliPlilliTlis.

203 4313 286 4375 Μ
304 4321 423 4375 dietus
447 4322 490 4376 ad
505 4325 719 4378 restitutionem
799 4320 1000 4388 simplicius,
1027 4318 1154 4374 imberbis
1178 4318 1308 4372 trossulus
1335 4312 1396 4381 (su-

244 4408 389 4461 teneetur.
747 4405 931 4474 solome),
974 4406 1086 4462 Parisios
1121 4406 1207 4459 iaetus
1243 4402 1395 4466 advenerat,

327 4475 466 4549 Se‘lutlo.
748 4507 884 4550 amoenam
907 4493 945 4546 lbl
967 4493 1048 4547 ultam
1075 4490 1239 4556 aliquamdiu
1262 4489 1395 4543 ducturus.

132 4565 189 4627 649·
207 4603 241 4614 -
258 4579 288 4633 ii.
309 4577 351 4634 ad
367 4577 403 4630 1²
419 4583 521 4644 oeaea.
558 4579 721 4647 lupianus
747 4583 840 4637 omnia
857 4581 907 4646 luel
925 4578 1061 4634 subridere
1081 4577 1204 4632 uidentur
1225 4575 1397 4639 omnibusque

87 4658 133 4704 uon
160 4661 261 4717 tenetur
289 4666 323 4719 ad
355 4668 546 4723 restitutionem
578 4682 625 4735 nro
654 4669 721 4725 boue
748 4674 774 4722 et
786 4670 844 4733 lese
855 4665 991 4720 subridere
1004 4664 1092 4729 gestit.
1124 4662 1244 4717 Nondum
1261 4660 1398 4723 imperitus
