3148 4992
360 181 399 233 hie
416 180 468 244 ii,
488 181 541 246 iil,
561 180 612 236 vii.
631 181 669 236 itu
687 183 718 235 X.
737 183 915 238 PRAEOEHD
932 183 1096 242 otomotii
1336 187 1387 246 itt

62 319 167 384 inuria,
186 319 450 384 sedcxconsensu,
469 330 545 386 quem
565 318 712 382 uietapars
790 315 851 374 413.
872 323 955 377 -ih
976 321 1182 388 odd-ortam.
1213 323 1387 383 1⁰iiecare·

61 407 193 471 praestat,
219 405 321 471 eligens
344 405 431 459 minus
452 406 551 459 maium
573 417 636 470 prae
654 419 712 470 gra·
739 407 796 460 dus
819 419 872 462 uon
889 409 975 473 potuit
998 409 1098 466 bellurn
1122 424 1228 478 serere,
1254 415 1277 466 sl
1296 415 1390 470 hahuit

60 493 134 548 nori.
174 487 206 542 2⁰
229 493 367 546 Praeterea
385 492 427 546 rei
445 503 507 546 rere
530 494 661 546 consentit
684 491 711 546 lu
738 494 865 548 minorem
879 497 1386 566 auteeuuaiemprohahiiitatemiurh:

60 591 152 645 pacem
177 591 289 644 eamque
315 577 418 632 sineere
442 578 592 642 iuramento
613 578 709 644 drmat,
738 579 790 633 imo
808 581 934 646 nequest
952 583 1049 648 credat,
1069 585 1167 640 hahere
1183 586 1309 651 maiorem
1327 599 1387 652 pro·

59 667 100 719 rei
112 677 178 718 nom
210 666 239 718 si
251 664 334 728 prius,
352 664 485 718 remittere
498 665 577 718 dehet
588 664 710 730 iniuriam
738 665 915 731 habilitatem,
931 668 1009 732 iuxta
1026 670 1186 735 doctrinam,
1206 685 1273 738 uuae
1290 674 1387 730 dicitur

58 753 154 806 saltem
173 749 368 817 conditionate,
393 763 439 816 seu
459 751 510 804 nisi
529 756 640 818 exurgat
656 753 712 806 aila
738 755 799 806 ιε.
819 753 933 818 leporio
955 754 1071 819 practice
1089 759 1212 814 tenenda.
1247 755 1278 810 2⁰
1297 761 1386 827 Neque

58 850 136 892 eausa
151 837 220 902 justi
239 836 312 890 helil.
348 839 377 892 si
394 839 533 903 posterius,
553 839 665 892 mendax
684 845 711 892 et
737 839 823 903 potuit
839 851 971 894 resumere
988 842 1103 906 helium,
1123 848 1259 913 postquam
1277 848 1384 902 loedere

56 925 179 990 periurus
198 923 259 988 luit,
279 937 329 978 nec
341 936 356 977 a
368 925 474 978 loedere
490 926 710 989 polestrecedere
737 925 841 990 puhiieo
866 937 925 979 eum
953 926 1103 981 edversario
1128 942 1220 993 pacem
1243 934 1386 989 sanciverit

56 1013 89 1066 oh
108 1011 243 1066 rationem
262 1011 365 1078 deum,
384 1011 432 1064 sed
450 1011 536 1064 adhue
554 1011 632 1064 dehet
648 1023 710 1066 eon·
738 1015 764 1065 ei
778 1012 835 1077 ius,
862 1013 931 1078 quod
955 1015 1064 1078 putabat
1089 1018 1200 1082 hahere,
1227 1022 1333 1076 omnino
1357 1025 1384 1075 et

54 1111 163 1154 sensum
175 1108 312 1164 praestare
330 1110 377 1163 pro
395 1098 539 1152 universali
557 1099 625 1152 hono
639 1110 708 1152 com-
736 1100 824 1165 poiam
842 1099 979 1154 remiserit.

54 1185 138 1240 mum.
158 1211 195 1223 -
214 1187 318 1241 deuter
333 1190 411 1250 pori.
433 1189 461 1239 o.
482 1197 511 1240 rt.
532 1187 604 1240 510.

150 1529 350 1642 iiiiii
384 1533 444 1644 ii
478 1527 652 1646 iiiiii
685 1528 924 1646 themoii
958 1533 1284 1650 iliidlliiii.

158 1747 225 1802 iton
243 1745 447 1801 moechaberis.
468 1773 502 1782 —
520 1749 584 1800 lion
601 1746 799 1809 concupisces.
819 1746 913 1807 (huod.
931 1742 976 1812 20,
996 1742 1039 1796 14.
1058 1725 1146 1804 et‘l'i.

104 1867 161 1920 iioc
174 1866 275 1932 duplici
294 1870 435 1934 praecepto
453 1870 558 1922 vetatur
569 1879 708 1934 quaecum·
786 1867 883 1920 inutile
900 1879 1005 1932 prorsus
1023 1868 1099 1922 nohis
1117 1868 1235 1934 videtur,
1256 1883 1332 1924 casus
1350 1871 1383 1924 de

53 1965 101 2019 que
114 1953 241 2016 iuterim
260 1955 333 2018 prius
345 1958 565 2020 actusextemos,
578 1955 707 2020 posterius
733 1955 809 2006 sexto
822 1956 849 2005 et
859 1965 928 2006 nono
941 1951 1060 2018 deeaiopl
1074 1961 1215 2022 praecepto
1226 1968 1381 2022 proponere.

53 2040 172 2094 internos
191 2041 291 2096 directe
309 2042 439 2105 prohihet.
475 2044 512 2096 lie
524 2044 621 2104 autem,
640 2051 706 2107 uuae
732 2038 844 2104 Etenim,
864 2051 932 2106 quae
944 2039 978 2093 ad
994 2039 1121 2094 luhricam
1139 2046 1167 2095 et
1178 2043 1296 2106 putidam
1310 2045 1383 2099 iliam

53 2125 151 2180 directe
180 2126 215 2179 ah
244 2128 387 2191 aihurtm,
415 2130 495 2182 etiam
522 2127 649 2182 indirecte
674 2129 706 2180 ah
732 2125 869 2179 materiam
886 2128 1016 2190 spectant,
1036 2137 1094 2180 cunr
1113 2127 1166 2181 sint
1183 2127 1211 2180 in
1230 2130 1304 2194 praxi
1317 2129 1384 2185 adeo

54 2213 135 2266 altero
164 2217 298 2267 vetantur.
345 2215 467 2278 Quamvis
496 2227 549 2268 nou
575 2215 705 2277 uideatur,
733 2211 889 2276 frequentia,
908 2215 950 2265 sat
968 2211 1046 2266 obvia
1060 2219 1196 2277 apparent,
1215 2226 1264 2268 nec
1281 2220 1321 2269 tot
1333 2216 1384 2270 dii·

51 2300 141 2354 stricte
159 2299 310 2366 loquendo,
336 2301 470 2365 prohiberi
493 2303 569 2354 sento
593 2305 621 2356 et
637 2311 706 2353 nouo
733 2297 892 2350 deuitatlhus
922 2301 1033 2352 scatent.
1078 2297 1198 2353 suldclat
1228 2301 1323 2365 igitur,
1354 2307 1385 2356 ut

52 2391 207 2452 praecepto,
227 2387 376 2442 nisisoium
389 2388 558 2450 eduiteriuna,
577 2386 708 2452 quodeuh
732 2385 878 2438 benevolus
903 2384 988 2438 lector
1013 2385 1099 2450 quoad
1123 2386 1267 2440 doctrinam
1292 2399 1383 2444 neces·

53 2473 158 2528 nomine
174 2475 314 2528 moechiae
331 2475 359 2528 in
376 2476 458 2528 saeris
475 2475 611 2539 scripturis
624 2473 704 2536 uenit,
732 2470 802 2523 sario
825 2470 1013 2526 addiscendam
1038 2473 1186 2527 remittatur
1203 2474 1236 2527 ad
1261 2485 1383 2539 compen·

52 2561 228 2614 nihilominus
258 2573 292 2614 en
326 2562 458 2614 communi
491 2559 706 2624 interpretatione
733 2557 806 2609 dium
823 2559 940 2611 nostrum
959 2558 1109 2622 theologiae
1131 2561 1238 2613 rnoraiis
1257 2560 1290 2614 de
1307 2563 1383 2615 sexto

51 2647 96 2700 ss.
117 2648 228 2700 Petrum
245 2651 273 2701 ct
296 2647 431 2702 doctorum
456 2647 609 2711 prohihoiur
626 2646 706 2700 etiarn
733 2648 873 2710 praecepto
892 2656 908 2697 a
926 2655 954 2698 rt.
976 2645 1050 2697 dio,
1070 2644 1104 2698 ad
1122 2657 1151 2698 u.
1171 2647 1244 2699 dod.

51 2732 192 2786 fornicatio
206 2737 233 2786 et
245 2733 298 2786 alla
311 2733 442 2799 quaelihet
453 2732 625 2798 impudicitia,
639 2745 707 2798 quae
784 2735 905 2786 Attamen
917 2730 945 2784 in
963 2733 1077 2785 tractatu
1089 2731 1122 2785 de
1141 2731 1304 2787 matrimonio
1317 2743 1383 2786 uon·

52 2818 161 2872 aliunde
180 2817 209 2870 in
231 2818 293 2872 aliis
310 2831 332 2874 s.
356 2819 502 2884 scripturae
519 2819 584 2874 lucis
602 2824 629 2873 et
648 2818 706 2883 iure
733 2818 820 2871 nullos
843 2830 920 2870 casus
946 2822 1092 2872 statuemus
1118 2818 1152 2871 de
1178 2818 1227 2883 iis,
1254 2830 1321 2883 quae
1347 2818 1381 2871 ad

52 2905 170 2958 naturali
186 2905 339 2969 specialiter
357 2906 484 2972 proscribi
501 2905 703 2959 demonstratur.
732 2908 829 2958 statum
848 2905 1012 2969 coniugalem
1030 2905 1188 2958 reieruntur.

98 3257 348 3372 tuimur
381 3257 441 3368 ii
476 3254 700 3366 iilmili
733 3252 973 3367 diodoli
1007 3251 1334 3366 iimtiiiiii

157 3475 223 3527 Non
238 3471 350 3536 furtum
368 3467 472 3534 socies.
510 3467 604 3530 (ilxod.
624 3463 677 3532 20,
703 3461 762 3525 15.)
780 3491 814 3502 -
831 3469 895 3520 iton
914 3466 1103 3529 concupisces
1122 3461 1238 3520 domum
1254 3465 1385 3530 proxime

51 3563 98 3616 teet
114 3563 170 3615 etc.
191 3559 261 3620 (ihid
280 3553 339 3620 17.)

103 3681 263 3736 Prohibetur
280 3679 331 3732 hoc
349 3681 459 3744 uhoque
476 3678 615 3741 praecepto
634 3676 708 3726 acius
734 3671 814 3726 alieni
842 3671 994 3726 laesionem.
1031 3672 1162 3734 Quatenus
1187 3670 1383 3736 aiilrmatirnm,

53 3771 174 3834 proximo
187 3765 330 3830 iniuriosus
348 3765 375 3818 in
387 3763 463 3818 honis
475 3765 602 3816 ionunae.
635 3759 708 3814 Prius
735 3759 837 3824 obligat
859 3758 892 3812 ad
916 3757 1123 3822 restitutionem,
1149 3756 1182 3812 ad
1200 3757 1296 3811 damna
1314 3769 1384 3811 conr·

53 3855 198 3921 praecipue
224 3856 252 3904 et
281 3851 380 3904 directe
410 3837 484 3903 a'ctus
511 3851 651 3910 externos,
683 3851 710 3898 et
736 3845 885 3910 pensanda,
910 3844 944 3898 ad
961 3843 1108 3898 dehitorurn
1129 3844 1288 3897 solutionem
1306 3848 1333 3896 et
1350 3844 1385 3898 ad

56 3941 190 4008 posterius
208 3940 327 3992 internos
349 3935 439 3990 allicit
476 3937 608 3999 Quatenus
629 3945 710 3998 negu-
733 3933 861 3998 lustitiam
880 3933 907 3985 lu
925 3929 1101 3986 contractibus
1119 3929 1283 3986 seruandam.

55 4031 155 4093 tirum,
185 4026 285 4092 duplex
309 4024 376 4078 iliud
400 4027 567 4087 praeceptum
591 4021 710 4086 prohihet
787 4018 834 4072 illc
852 4019 939 4072 nullos
956 4017 1078 4083 ponimus
1096 4029 1172 4071 casus
1190 4017 1223 4070 de
1240 4017 1325 4080 iurlo,
1350 4015 1384 4070 de

57 4128 107 4171 non
126 4115 213 4169 solunt
233 4113 343 4175 lurtum,
363 4111 410 4163 sed
423 4109 503 4162 etiam
516 4107 660 4174 quemlihet
671 4105 709 4160 rei
736 4106 816 4159 uanis
829 4104 963 4170 iniustitiis
976 4116 1116 4172 earumque
1128 4103 1303 4168 reparatione,
1323 4103 1385 4168 quia

57 4206 161 4258 alenae
180 4200 341 4254 ablationem
359 4201 386 4250 et
402 4208 479 4250 usum
496 4195 578 4248 inulto
594 4194 710 4247 rationa-
736 4192 763 4246 ln
781 4195 894 4246 tractatu
911 4192 1020 4256 speciali
1038 4194 1071 4246 de
1087 4191 1191 4256 lustitia
1208 4195 1235 4244 et
1246 4189 1384 4244 contracti·

54 4289 145 4344 hiiiter
168 4286 290 4348 domino,
321 4287 348 4337 et
371 4284 452 4336 etiam
476 4283 620 4349 quemlihet
644 4278 710 4344 luris
736 4279 785 4332 hus
793 4280 835 4332 his
845 4280 877 4333 de
886 4279 965 4333 rehus
975 4293 1050 4334 casus
1060 4279 1220 4346 multiplices
1229 4279 1386 4331 statuentur.
