3220 5000
480 165 519 220 DE
537 163 722 220 munitioris
740 163 872 226 altisoni
889 164 1066 218 siscianus
1383 161 1435 230 293

109 299 223 364 ruunt,
248 312 280 354 eo
303 302 385 367 quod,
408 302 441 353 ad
466 301 515 365 ipsi
534 301 758 366 patrocinandum,
788 313 851 366 ergo
881 301 905 354 et
933 301 1055 364 iniuriam
1082 312 1135 355 nou
1165 301 1268 368 intulit;
1302 313 1363 366 ergo
1390 314 1439 355 nec

109 386 257 454 prodigium
277 387 346 440 istud
365 387 485 440 ediderit.
788 388 907 442 uenditor
925 387 1037 453 iniuriae
1049 393 1205 454 cooperatus
1223 393 1270 440 est.
1303 381 1333 438 2⁰
1350 388 1439 453 nepus

196 599 198 605 ,
307 519 456 591 cous
479 519 562 587 xx·
786 475 1144 625 iiiii'iiiii,
1161 473 1355 624 iiiiii
1379 485 1438 622 iil

200 637 334 692 ciiiiltlli
353 639 452 702 coelio
470 639 663 693 CAfflSSfflAE·
787 647 884 711 posuit,
918 658 1003 712 neuue
1034 647 1140 710 fraude,
1173 659 1259 712 neque
1291 647 1353 700 dolo
1384 657 1438 699 em·

159 733 305 796 llrginus
332 745 442 798 coquus,
471 735 509 786 ret
536 733 679 787 culinartae
705 745 757 786 non
786 739 872 797 ptores
891 732 923 786 ad
942 733 1055 797 pretium
1076 733 1224 796 augendum
1241 733 1337 797 adegit.
1372 733 1437 796 Ergo

104 819 276 896 mediocriter
303 822 411 884 zelotes,
440 821 613 885 primitiarum
639 819 758 874 avidissi·
786 831 910 873 exmssus
938 818 1029 884 pretii,
1066 825 1160 884 sponte
1194 825 1221 872 et
1249 820 1362 872 scienter
1391 817 1437 872 uit-

104 917 166 958 mus
184 904 296 972 ideoque
314 907 392 970 itero,
416 908 556 970 praediviti
574 909 645 971 vtro,
664 908 759 972 grada-
786 907 853 960 tatus
877 908 904 958 et
927 905 960 958 ali
983 916 1014 957 eo
1043 908 1206 968 receptatus,
1242 905 1349 958 minime
1377 915 1437 956 vero

103 992 199 1055 aimus,
219 1004 278 1046 cum
297 993 339 1044 die
352 992 462 1058 quadarn
476 994 508 1046 ad
524 995 606 1048 torum
625 993 757 1046 olitorium
785 992 935 1057 requisitus,
953 992 1071 1056 iustitiae
1089 1002 1142 1044 non
1159 993 1321 1044 adversatur.
1359 992 1437 1042 Acce

104 1079 277 1140 accessisset,
302 1078 428 1141 aduertit,
453 1081 560 1134 uenales
582 1080 686 1133 cidaras
704 1090 758 1130 ma·
787 1081 825 1133 dlt
847 1080 925 1132 ettam
949 1079 1052 1132 titulata
1075 1079 1259 1132 usitatiora.
1297 1078 1326 1130 ln
1350 1075 1437 1130 licita·

105 1172 169 1218 turo
187 1169 306 1230 ternpore
327 1166 438 1229 primum
462 1168 625 1231 apparuisse.
664 1166 759 1229 Quibus
787 1168 858 1220 tione
878 1165 947 1218 enim
961 1165 1029 1218 iilud
1042 1176 1131 1218 rernm
1144 1163 1299 1218 aestimatur
1312 1162 1434 1226 pretium,

103 1252 215 1304 initians
233 1252 306 1304 ocius
321 1252 420 1316 ipsium
434 1255 547 1316 pretium
567 1253 695 1306 venditori
714 1253 759 1305 ob·
786 1251 855 1318 quud
882 1251 915 1304 ali
943 1251 1035 1305 ultimo
1062 1250 1182 1304 licitaute
1212 1249 1332 1312 offertum
1364 1244 1437 1312 atum

103 1338 179 1391 tulit.
216 1339 268 1391 sed
292 1350 368 1403 erce,
394 1340 481 1392 nescio
505 1352 555 1406 pua
577 1353 653 1403 amu,
682 1340 760 1392 simul
786 1351 848 1393 rara
868 1338 976 1391 licitatio
998 1336 1066 1388 luter
1083 1336 1148 1388 duos
1170 1347 1266 1400 coquos
1289 1334 1323 1386 de
1340 1331 1437 1386 cinaris

105 1425 162 1478 truc
180 1423 288 1478 advolat
306 1425 441 1491 llarous,
468 1427 536 1478 alius
557 1438 656 1490 copuus
673 1424 759 1489 cuius·
785 1426 875 1478 habita
894 1429 948 1488 est;
967 1435 1029 1487 ergo
1046 1422 1215 1488 iudicandum
1231 1425 1273 1474 est
1289 1419 1437 1484 legitimum

102 1509 167 1562 dam
193 1511 325 1575 extranei,
350 1511 394 1578 pul
419 1513 531 1576 pretinm
553 1512 673 1578 superius
697 1524 760 1566 uou-
788 1512 900 1576 pretium
933 1509 966 1562 alr
1002 1510 1139 1574 llyglno,
1177 1509 1272 1562 ultimo
1305 1506 1434 1568 licitante,

104 1597 187 1650 ditorl
215 1596 328 1661 impiger
353 1598 437 1652 oderi.
483 1599 544 1653 llice
570 1611 619 1653 sua
646 1599 761 1662 adauget
786 1597 941 1662 praedium.

102 1682 222 1748 pretium
244 1684 398 1748 llrginus,
426 1685 471 1750 put
493 1686 587 1738 iterum
612 1684 643 1738 ab
667 1684 760 1737 aduer-
837 1681 898 1738 aot.
928 1709 961 1720 —
989 1683 1041 1736 Nec
1065 1681 1166 1744 obstet,
1194 1678 1263 1743 uuod
1287 1679 1353 1730 naec
1380 1675 1437 1728 lict-

103 1769 179 1824 sario
201 1775 348 1834 superatur.
390 1771 524 1824 initiante
549 1772 683 1825 uenditare
705 1783 759 1824 cer·
787 1772 851 1826 tatio
878 1769 982 1835 priuata
1008 1770 1056 1832 sit,
1087 1780 1139 1820 uon
1167 1777 1229 1820 reru
1255 1763 1360 1829 puplica
1388 1772 1438 1815 not

104 1863 198 1910 tamen
210 1857 370 1920 producitur.
407 1859 495 1913 Victor
512 1859 634 1918 vincitur,
653 1861 679 1910 at
692 1869 760 1910 nova
787 1860 982 1924 praenuntium
1003 1867 1063 1908 uam
1076 1853 1178 1908 liceitas
1191 1851 1366 1904 irritationis
1384 1859 1438 1902 non

103 1942 247 1996 extollitur
265 1942 387 2007 uictoria,
413 1945 445 1997 de
468 1957 520 2010 qua
544 1946 677 2009 extenplo
695 1944 759 2008 deii·
787 1948 822 1998 ao
843 1945 898 2009 eius
921 1943 1076 2010 palliditate
1101 1953 1149 1994 nec
1172 1947 1316 1992 anumero
1335 1934 1438 1988 licitan-

103 2031 187 2082 cltur.
222 2031 328 2094 ltaque,
353 2043 412 2083 cum
435 2037 545 2096 uteraue
569 2043 668 2096 coquus
691 2030 759 2082 dest·
784 2033 852 2085 iluna
882 2029 1026 2096 repetenda
1057 2035 1109 2090 est,
1144 2025 1191 2078 sed
1226 2024 1259 2076 att
1290 2027 1438 2086 emptorum

104 2113 211 2168 derium
229 2115 328 2180 proprii
347 2117 592 2182 hericognosceret,
611 2118 694 2170 vetuit
713 2129 760 2180 per
786 2119 944 2182 cartamine,
974 2114 1102 2180 siquidem
1131 2111 1210 2166 etlam
1238 2110 1266 2162 iu
1293 2107 1438 2161 licitatione

105 2202 282 2256 licitationem
304 2216 386 2268 uspue
411 2205 443 2257 ad
468 2205 562 2270 uiginti
586 2205 689 2258 mancos
713 2215 759 2268 pro
787 2205 892 2268 pontice
916 2201 1101 2268 praenuntiata
1123 2196 1264 2263 aliquando
1288 2192 1439 2260 pancissimi

105 2289 221 2353 singuiis
238 2289 336 2344 cinaris
360 2291 472 2354 pretium
493 2295 597 2344 auctum
617 2296 664 2342 est.
702 2291 759 2354 ilp-
787 2298 917 2350 permutes
939 2291 972 2342 de
994 2288 1077 2352 pretio
1100 2284 1280 2348 reperiuntur,
1305 2287 1332 2334 et
1350 2289 1439 2334 umen

106 2375 218 2440 gtuus,
255 2375 282 2428 ln
312 2375 460 2440 uniusmodi
490 2378 633 2432 certamine
664 2377 757 2442 victor,
786 2380 856 2442 iusta
873 2381 995 2429 censetur
1013 2373 1052 2428 rel
1069 2371 1195 2428 venditio.
1227 2369 1341 2423 Pretium
1359 2367 1440 2433 igitur

106 2463 212 2516 ctuaraa
229 2462 329 2517 retulit.
788 2464 905 2530 legitime
922 2461 1067 2524 adaugetur
1079 2468 1207 2512 concursu
1225 2463 1379 2520 empturum,
1393 2453 1438 2518 qui

161 2544 230 2600 Hirro
786 2551 905 2606 cerutiiu
923 2560 978 2602 rem
997 2545 1160 2600 vendendam
1179 2543 1316 2607 requirnnt
1334 2549 1360 2593 et
1379 2540 1438 2604 plus

107 2631 228 2702 Qum.
247 2640 288 2690 Aa
320 2635 487 2700 lauuamodt
517 2638 642 2692 licitatio
675 2639 758 2692 licitu
787 2639 915 2700 oderunt,
940 2639 970 2687 ut
993 2634 1066 2687 iliaru
1091 2630 1235 2684 obtineant.
1273 2630 1339 2690 lingo
1363 2623 1437 2689 parvi

242 2725 299 2778 alit
342 2725 386 2778 Vel
405 2729 504 2778 utram
521 2723 655 2779 venditor
677 2728 760 2778 otuu·
786 2725 876 2786 reteri,
896 2721 966 2788 pund
984 2720 1037 2772 sint
1054 2717 1129 2770 multi
1142 2718 1185 2770 vel
1203 2713 1280 2780 pauci
1293 2712 1433 2764 licitantes.

241 2820 345 2862 rarum
370 2813 494 2874 pretium
526 2822 617 2874 adura
643 2808 759 2864 modum
974 2849 1123 2923 OASUS
1146 2848 1247 2915 XXI.

242 2893 403 2950 adauctum
421 2900 573 2952 restituere
592 2899 743 2953 teneatur?

364 2978 502 3037 Salutio.
954 2964 1270 3026 llolidi’OLlUll.

161 3063 224 3120 aad.
249 3094 281 3104 -
305 3071 335 3123 il.
360 3068 402 3123 ud
420 3073 521 3132 ottoca.
559 3071 623 3133 Quid
643 3069 710 3132 iuris
732 3069 759 3122 ln
841 3063 870 3120 1⁰
899 3064 1083 3126 lienander,
1114 3061 1155 3114 uir
1184 3059 1258 3111 dives
1288 3063 1315 3108 et
1344 3057 1437 3118 potens

109 3157 160 3210 hoc
178 3155 245 3209 adco
257 3156 384 3221 singulari
398 3159 477 3212 aaut
495 3162 533 3211 nn
552 3158 639 3221 olitor,
660 3161 758 3210 tautam
787 3167 889 3210 necnon
912 3151 1083 3218 adaugendae
1106 3150 1226 3202 fortunae
1245 3141 1368 3206 cupidus,
1391 3151 1437 3192 au·

109 3247 204 3296 nactus
222 3243 384 3307 felicitatem,
404 3243 553 3298 contristari
571 3244 673 3308 debeat,
694 3256 760 3296 onus
786 3241 897 3296 tumnali
920 3245 1037 3304 tempore
1055 3248 1103 3300 per
1120 3229 1296 3287 mandatarius
1316 3239 1377 3280 suos
1394 3238 1436 3278 sa·

107 3327 284 3382 restitutionis
312 3329 368 3393 lpse
394 3331 546 3384 subeundo?
586 3335 623 3386 Au
648 3332 759 3385 reddere
786 3331 862 3395 tagit,
881 3332 910 3381 ut
928 3327 1023 3380 uenale
1043 3324 1094 3376 locl
1112 3318 1263 3374 etniciuiae
1276 3315 1437 3368 trumentum

108 3415 208 3467 deleat
233 3416 367 3480 llygino,
400 3417 525 3484 quidquid
558 3418 591 3470 alt
624 3429 655 3471 eo
680 3429 759 3482 supra
786 3417 841 3470 iere
867 3420 951 3469 totum
978 3415 1062 3477 pretio
1089 3412 1151 3462 tuna
1182 3404 1297 3458 currenti
1323 3404 1434 3463 ematur,

108 3513 241 3555 summum
258 3501 297 3556 rel
317 3504 427 3568 pretium
445 3503 561 3567 acceptat
585 3504 665 3566 Quam
683 3506 760 3569 pauci
787 3515 866 3568 quare
880 3503 1039 3560 factumest,
1053 3494 1170 3558 utillud,
1191 3489 1273 3556 pretio
1286 3489 1436 3550 adauctum,

110 3589 260 3643 redditores
285 3590 333 3644 tilii
359 3590 436 3644 tidem
464 3591 634 3654 adulterent,
663 3591 687 3643 si
710 3591 760 3644 noa
786 3601 846 3644 curu
865 3585 976 3642 natatili
993 3597 1041 3638 suo
1060 3585 1133 3637 lucro
1152 3583 1241 3646 posset
1259 3574 1409 3630 divendere.

108 3677 257 3728 meteres!
354 3721 360 3726 .
838 3672 868 3728 2⁰
891 3674 1004 3736 Rufus,
1031 3671 1171 3726 liuilnns
1194 3673 1221 3721 et
1242 3663 1436 3720 lluiiuianus

163 3761 226 3816 Dico
245 3763 337 3828 igliur,
361 3764 522 3818 tenulorem
545 3775 579 3817 ex
596 3765 668 3818 amul
687 3771 760 3828 parta
787 3769 955 3825 mercatores,
980 3761 1043 3814 inito
1067 3759 1135 3811 tour
1155 3767 1184 3808 se
1208 3750 1333 3810 consilio,
1359 3757 1436 3800 omne

110 3848 301 3903 absolvendum
336 3861 403 3904 essa.
452 3849 571 3911 Etenim,
607 3852 630 3905 si
665 3851 759 3917 iniuste
787 3853 946 3904 numentum
976 3847 1101 3909 viciniae,
1135 3843 1205 3910 quod
1239 3838 1333 3894 renale
1369 3838 1435 3896 arat»

110 3934 222 4001 egisset,
252 3935 377 4000 iniustitia
404 3936 516 3990 oriretur
540 3937 582 3990 val
607 3950 640 3991 er
667 3949 759 4002 ooope·
787 3949 876 3990 mense
888 3935 1030 3990 duremort
1047 3931 1185 3996 colligunt,
1205 3934 1234 3982 ut
1251 3926 1353 3980 aestiuo
1372 3927 1437 3974 tem·

110 4021 213 4074 ratione
239 4020 336 4086 injusta
364 4023 392 4074 in
419 4023 544 4078 damnum
574 4023 687 4088 dorntnl,
716 4025 759 4078 cul
786 4037 857 4089 pore,
878 4035 938 4076 cunr
955 4022 1039 4087 pretio
1055 4020 1176 4083 creuerit,
1196 4015 1262 4070 illud
1279 4007 1434 4066 retendant.

110 4107 253 4172 Hyginus
280 4110 437 4172 tumulatur,
469 4111 511 4163 vet
538 4123 572 4163 ox
599 4111 683 4175 pretio
707 4123 760 4176 per
786 4117 906 4166 Attamen
925 4109 1037 4175 pretium
1055 4117 1205 4172 supremum
1227 4097 1365 4156 vendendo
1384 4105 1438 4148 nou

109 4207 144 4250 ac
167 4195 273 4260 iniusto.
318 4195 393 4260 liqut
416 4208 449 4249 ex
471 4198 545 4250 nulla
567 4203 641 4262 parte
663 4198 759 4262 iniuria
785 4198 924 4252 excedunt

111 4283 229 4348 apparet.
277 4277 306 4332 1⁰
333 4283 456 4337 venditor
485 4295 536 4336 uon
568 4285 619 4338 tuit
649 4285 760 4350 iniustus
838 4286 864 4340 3.
885 4286 1002 4350 operarii
1023 4283 1158 4350 cuiusdam
1180 4277 1308 4336 ciuitatis,
1333 4273 1360 4326 ln
1379 4271 1437 4327 oid-

109 4372 229 4424 rutlottc
257 4373 478 4434 cooperationis.
527 4371 626 4425 Etenim
657 4374 685 4426 ln
715 4374 760 4437 nr·
788 4376 854 4430 cinis
882 4376 960 4438 socll,
993 4383 1023 4427 v.
1050 4386 1076 4438 g.
1108 4378 1221 4424 sartores
1252 4366 1294 4418 uel
1323 4369 1436 4426 sutores,

111 4457 215 4521 potnesl
235 4457 356 4511 dominus
379 4471 430 4513 non
450 4465 490 4512 est
507 4460 618 4524 inultum
644 4461 761 4527 legitime
788 4467 893 4528 parturn
911 4462 980 4516 inter
996 4473 1025 4512 se
1044 4461 1149 4521 ineunt,
1172 4461 1202 4510 ut
1224 4468 1258 4508 ex
1282 4462 1371 4505 eorum
1389 4463 1437 4504 nu·

111 4543 182 4598 enlm
210 4545 268 4610 eius
297 4557 439 4598 consensus
468 4549 650 4612 praesumitur.
695 4551 762 4614 drgo
788 4563 860 4606 maro
886 4551 976 4604 nullus
1003 4548 1120 4602 laborem
1146 4547 1276 4611 praestet,
1305 4540 1355 4594 nist
1379 4540 1437 4592 loco

112 4643 210 4698 oopuus
234 4644 287 4686 uon
310 4633 365 4696 egit
387 4641 477 4688 contra
505 4636 561 4700 eiua
586 4636 761 4703 voluntatem
788 4636 824 4690 ³0
841 4639 938 4692 assium
960 4636 988 4689 tu
1005 4641 1138 4700 posterum
1161 4627 1178 4681 2
1202 4629 1285 4684 dranci
1310 4626 1374 4692 tltsls
1392 4626 1437 4680 ῑῐῑ·
