<?xml version="1.0" encoding="UTF-8"?>
<!DOCTYPE html PUBLIC "-//W3C//DTD XHTML 1.0 Transitional//EN"
    "http://www.w3.org/TR/xhtml1/DTD/xhtml1-transitional.dtd">
<html xmlns="http://www.w3.org/1999/xhtml" xml:lang="en" lang="en">
 <head>
  <title>
</title>
<meta http-equiv="Content-Type" content="text/html;charset=utf-8" />
  <meta name='ocr-system' content='tesseract 3.04.00' />
  <meta name='ocr-capabilities' content='ocr_page ocr_carea ocr_par ocr_line ocrx_word'/>
</head>
<body>
  <div class='ocr_page' id='page_1' title='image "./casusconscienti00gurygoog_0054.png"; bbox 0 0 3130 4990; ppageno 0'>
   <div class='ocr_carea' id='block_1_1' title="bbox 510 167 1357 246">
    <p class='ocr_par' dir='ltr' id='par_1_1' title="bbox 510 167 1357 246">
     <span class='ocr_line' id='line_1_1' title="bbox 510 167 1357 246; baseline 0.006 -21"><span class='ocrx_word' id='word_1_1' title='bbox 510 167 528 246; x_wconf 55' lang='lat' dir='ltr'><em>Q</em></span> <span class='ocrx_word' id='word_1_2' title='bbox 596 171 635 226; x_wconf 86' lang='lat' dir='ltr'><strong>oc</strong></span> <span class='ocrx_word' id='word_1_3' title='bbox 653 171 794 228; x_wconf 82' lang='lat' dir='ltr'><strong>memus.</strong></span> <span class='ocrx_word' id='word_1_4' title='bbox 1321 171 1357 230; x_wconf 80' lang='lat' dir='ltr'><strong>se</strong></span> 
     </span>
    </p>
   </div>
   <div class='ocr_carea' id='block_1_2' title="bbox 221 303 1356 382">
    <p class='ocr_par' dir='ltr' id='par_1_2' title="bbox 221 303 1356 382">
     <span class='ocr_line' id='line_1_2' title="bbox 221 303 1356 382; baseline 0.004 -17"><span class='ocrx_word' id='word_1_5' title='bbox 221 303 368 380; x_wconf 80' lang='lat' dir='ltr'>CASUS</span> <span class='ocrx_word' id='word_1_6' title='bbox 390 303 491 372; x_wconf 86' lang='lat' dir='ltr'>XIII.</span> <span class='ocrx_word' id='word_1_7' title='bbox 706 313 815 376; x_wconf 87' lang='lat' dir='ltr'><strong>pateret.</strong></span> <span class='ocrx_word' id='word_1_8' title='bbox 861 312 929 366; x_wconf 80' lang='lat' dir='ltr'><strong>inne</strong></span> <span class='ocrx_word' id='word_1_9' title='bbox 956 312 1041 376; x_wconf 90' lang='lat' dir='ltr'><strong>enirn,</strong></span> <span class='ocrx_word' id='word_1_10' title='bbox 1071 325 1129 368; x_wconf 88' lang='lat' dir='ltr'><strong>cnm</strong></span> <span class='ocrx_word' id='word_1_11' title='bbox 1156 317 1301 382; x_wconf 88' lang='lat' dir='ltr'><strong>perieulum</strong></span> <span class='ocrx_word' id='word_1_12' title='bbox 1327 318 1356 372; x_wconf 90' lang='lat' dir='ltr'><strong>ln</strong></span> 
     </span>
    </p>
   </div>
   <div class='ocr_carea' id='block_1_3' title="bbox 54 400 1356 595">
    <p class='ocr_par' dir='ltr' id='par_1_3' title="bbox 54 398 1356 599">
     <span class='ocr_line' id='line_1_3' title="bbox 54 400 1356 595; baseline -0.032 3"><span class='ocrx_word' id='word_1_13' title='bbox 54 447 681 599; x_wconf 67' lang='lat' dir='ltr'><strong>uvrtrurvnrrrrvrvvv</strong></span> <span class='ocrx_word' id='word_1_14' title='bbox 1044 400 1356 556; x_wconf 67' lang='lat' dir='ltr'><strong>:esuriero</strong></span> 
     </span>
    </p>
   </div>
   <div class='ocr_carea' id='block_1_4' title="bbox 48 570 1361 3511">
    <p class='ocr_par' dir='ltr' id='par_1_4' title="bbox 48 570 1361 3511">
     <span class='ocr_line' id='line_1_4' title="bbox 707 570 1354 640; baseline 0.012 -18"><span class='ocrx_word' id='word_1_15' title='bbox 707 570 825 634; x_wconf 89' lang='lat' dir='ltr'><strong>epllrelae</strong></span> <span class='ocrx_word' id='word_1_16' title='bbox 837 573 910 626; x_wconf 88' lang='lat' dir='ltr'><strong>locns</strong></span> <span class='ocrx_word' id='word_1_17' title='bbox 920 574 1034 627; x_wconf 84' lang='lat' dir='ltr'><strong>deretur.</strong></span> <span class='ocrx_word' id='word_1_18' title='bbox 1044 599 1078 610; x_wconf 89' lang='lat'>-</span> <span class='ocrx_word' id='word_1_19' title='bbox 1093 575 1116 630; x_wconf 87' lang='lat' dir='ltr'><strong>V.</strong></span> <span class='ocrx_word' id='word_1_20' title='bbox 1131 577 1227 640; x_wconf 73' lang='lat' dir='ltr'><strong>comp.</strong></span> <span class='ocrx_word' id='word_1_21' title='bbox 1238 589 1267 630; x_wconf 88' lang='lat' dir='ltr'><strong>rt.</strong></span> <span class='ocrx_word' id='word_1_22' title='bbox 1283 578 1354 632; x_wconf 79' lang='grc'><strong><em>121.</em></strong></span> 
     </span>
     <span class='ocr_line' id='line_1_5' title="bbox 95 641 1356 728; baseline 0.004 -16"><span class='ocrx_word' id='word_1_23' title='bbox 95 656 121 712; x_wconf 86' lang='lat'><strong>1·</strong></span> <span class='ocrx_word' id='word_1_24' title='bbox 137 660 288 716; x_wconf 81' lang='lat' dir='ltr'><strong>Nanneius</strong></span> <span class='ocrx_word' id='word_1_25' title='bbox 304 659 425 716; x_wconf 87' lang='lat' dir='ltr'><strong>sacerdos</strong></span> <span class='ocrx_word' id='word_1_26' title='bbox 438 659 535 723; x_wconf 83' lang='lat' dir='ltr'><strong>absque</strong></span> <span class='ocrx_word' id='word_1_27' title='bbox 554 657 679 711; x_wconf 70' lang='lat' dir='ltr'><strong>facultate</strong></span> <span class='ocrx_word' id='word_1_28' title='bbox 708 660 735 710; x_wconf 87' lang='lat' dir='ltr'><strong>ei</strong></span> <span class='ocrx_word' id='word_1_29' title='bbox 752 658 782 710; x_wconf 85' lang='lat' dir='ltr'><strong>P.</strong></span> <span class='ocrx_word' id='word_1_30' title='bbox 803 659 838 711; x_wconf 93' lang='lat'><strong>11.</strong></span> <span class='ocrx_word' id='word_1_31' title='bbox 859 670 887 712; x_wconf 85' lang='lat' dir='ltr'><strong>rr.</strong></span> <span class='ocrx_word' id='word_1_32' title='bbox 908 660 981 714; x_wconf 80' lang='lat' dir='ltr'><strong>tet.</strong></span> <span class='ocrx_word' id='word_1_33' title='bbox 1002 686 1036 697; x_wconf 97' lang='lat'>-</span> <span class='ocrx_word' id='word_1_34' title='bbox 1054 663 1081 714; x_wconf 83' lang='lat' dir='ltr'><strong>S.</strong></span> <span class='ocrx_word' id='word_1_35' title='bbox 1096 660 1155 728; x_wconf 80' lang='lat' dir='ltr'><strong>lip.</strong></span> <span class='ocrx_word' id='word_1_36' title='bbox 1175 674 1205 716; x_wconf 87' lang='lat' dir='ltr'><strong>a.</strong></span> <span class='ocrx_word' id='word_1_37' title='bbox 1228 641 1300 716; x_wconf 67' lang='lat'><em>⁶199.</em></span> <span class='ocrx_word' id='word_1_38' title='bbox 1321 689 1356 704; x_wconf 88' lang='lat'><em>-</em></span> 
     </span>
     <span class='ocr_line' id='line_1_6' title="bbox 53 744 1011 815; baseline -0.005 -12"><span class='ocrx_word' id='word_1_39' title='bbox 53 751 107 814; x_wconf 81' lang='lat' dir='ltr'><strong>lepit</strong></span> <span class='ocrx_word' id='word_1_40' title='bbox 121 748 211 802; x_wconf 90' lang='lat' dir='ltr'><strong>librom</strong></span> <span class='ocrx_word' id='word_1_41' title='bbox 228 749 336 815; x_wconf 91' lang='lat' dir='ltr'><strong>impium</strong></span> <span class='ocrx_word' id='word_1_42' title='bbox 354 751 381 800; x_wconf 90' lang='lat' dir='ltr'><strong>et</strong></span> <span class='ocrx_word' id='word_1_43' title='bbox 403 747 572 799; x_wconf 87' lang='lat' dir='ltr'><strong>haereticum.</strong></span> <span class='ocrx_word' id='word_1_44' title='bbox 609 744 680 797; x_wconf 85' lang='lat' dir='ltr'><strong>Bono</strong></span> <span class='ocrx_word' id='word_1_45' title='bbox 707 744 847 808; x_wconf 82' lang='lat' dir='ltr'><strong>ltrerinpo.</strong></span> <span class='ocrx_word' id='word_1_46' title='bbox 868 749 897 798; x_wconf 80' lang='lat' dir='ltr'><strong>d.</strong></span> <span class='ocrx_word' id='word_1_47' title='bbox 916 758 941 800; x_wconf 89' lang='lat' dir='ltr'><strong>c.</strong></span> <span class='ocrx_word' id='word_1_48' title='bbox 961 749 1011 798; x_wconf 75' lang='lat' dir='ltr'><strong>ne.</strong></span> 
     </span>
     <span class='ocr_line' id='line_1_7' title="bbox 52 828 1355 900; baseline 0.002 -11"><span class='ocrx_word' id='word_1_49' title='bbox 52 837 95 889; x_wconf 87' lang='lat' dir='ltr'><strong>hoe</strong></span> <span class='ocrx_word' id='word_1_50' title='bbox 110 835 216 900; x_wconf 91' lang='lat' dir='ltr'><strong>dneitnr,</strong></span> <span class='ocrx_word' id='word_1_51' title='bbox 233 837 336 890; x_wconf 87' lang='lat' dir='ltr'><strong>seilicet</strong></span> <span class='ocrx_word' id='word_1_52' title='bbox 353 835 385 890; x_wconf 91' lang='lat' dir='ltr'><strong>ad</strong></span> <span class='ocrx_word' id='word_1_53' title='bbox 404 846 464 887; x_wconf 94' lang='lat' dir='ltr'><strong>enm</strong></span> <span class='ocrx_word' id='word_1_54' title='bbox 476 831 678 896; x_wconf 87' lang='lat' dir='ltr'><strong>contutandnm;</strong></span> <span class='ocrx_word' id='word_1_55' title='bbox 760 828 866 883; x_wconf 84' lang='lat'>108.-</span> <span class='ocrx_word' id='word_1_56' title='bbox 880 833 910 886; x_wconf 89' lang='lat' dir='ltr'><strong>li.</strong></span> <span class='ocrx_word' id='word_1_57' title='bbox 929 829 973 885; x_wconf 81' lang='lat' dir='ltr'><strong>od</strong></span> <span class='ocrx_word' id='word_1_58' title='bbox 988 831 1032 886; x_wconf 68' lang='lat'><strong>2¹²</strong></span> <span class='ocrx_word' id='word_1_59' title='bbox 1046 835 1146 896; x_wconf 77' lang='lat' dir='ltr'><strong>onore.</strong></span> <span class='ocrx_word' id='word_1_60' title='bbox 1180 830 1355 891; x_wconf 79' lang='lat' dir='ltr'><strong>1⁰Probabi·</strong></span> 
     </span>
     <span class='ocr_line' id='line_1_8' title="bbox 52 918 1352 988; baseline 0.002 -12"><span class='ocrx_word' id='word_1_61' title='bbox 52 924 143 988; x_wconf 77' lang='lat' dir='ltr'>insuper</span> <span class='ocrx_word' id='word_1_62' title='bbox 161 923 296 977; x_wconf 75' lang='lat' dir='ltr'><strong>moraliter</strong></span> <span class='ocrx_word' id='word_1_63' title='bbox 317 926 404 976; x_wconf 85' lang='lat' dir='ltr'><strong>cerins</strong></span> <span class='ocrx_word' id='word_1_64' title='bbox 422 925 475 983; x_wconf 89' lang='lat' dir='ltr'><strong>est,</strong></span> <span class='ocrx_word' id='word_1_65' title='bbox 500 921 601 973; x_wconf 90' lang='lat' dir='ltr'><strong>nullum</strong></span> <span class='ocrx_word' id='word_1_66' title='bbox 623 930 680 984; x_wconf 90' lang='lat' dir='ltr'><strong>per·</strong></span> <span class='ocrx_word' id='word_1_67' title='bbox 707 918 766 972; x_wconf 80' lang='lat' dir='ltr'><strong>lirin</strong></span> <span class='ocrx_word' id='word_1_68' title='bbox 796 919 952 983; x_wconf 74' lang='lat' dir='ltr'><strong>cleophas</strong></span> <span class='ocrx_word' id='word_1_69' title='bbox 986 930 1124 975; x_wconf 75' lang='lat' dir='ltr'>censuram</span> <span class='ocrx_word' id='word_1_70' title='bbox 1153 934 1205 975; x_wconf 92' lang='lat' dir='ltr'><strong>nou</strong></span> <span class='ocrx_word' id='word_1_71' title='bbox 1234 923 1352 987; x_wconf 84' lang='lat' dir='ltr'><strong>incurrit,</strong></span> 
     </span>
     <span class='ocr_line' id='line_1_9' title="bbox 51 1004 1355 1073; baseline 0 -9"><span class='ocrx_word' id='word_1_72' title='bbox 51 1009 162 1064; x_wconf 76' lang='lat' dir='ltr'><strong>versionis</strong></span> <span class='ocrx_word' id='word_1_73' title='bbox 183 1009 328 1073; x_wconf 85' lang='lat' dir='ltr'><strong>pericnlum</strong></span> <span class='ocrx_word' id='word_1_74' title='bbox 346 1020 380 1062; x_wconf 83' lang='lat' dir='ltr'><strong>ex</strong></span> <span class='ocrx_word' id='word_1_75' title='bbox 398 1007 544 1072; x_wconf 75' lang='lat' dir='ltr'><strong>huiusmodi</strong></span> <span class='ocrx_word' id='word_1_76' title='bbox 566 1007 680 1060; x_wconf 88' lang='lat' dir='ltr'><strong>lectione</strong></span> <span class='ocrx_word' id='word_1_77' title='bbox 707 1005 767 1070; x_wconf 82' lang='lat' dir='ltr'><strong>oola</strong></span> <span class='ocrx_word' id='word_1_78' title='bbox 786 1004 812 1057; x_wconf 91' lang='lat' dir='ltr'><strong>ln</strong></span> <span class='ocrx_word' id='word_1_79' title='bbox 831 1004 963 1069; x_wconf 80' lang='lat' dir='ltr'><strong>legentes,</strong></span> <span class='ocrx_word' id='word_1_80' title='bbox 988 1017 1041 1060; x_wconf 90' lang='lat' dir='ltr'><strong>non</strong></span> <span class='ocrx_word' id='word_1_81' title='bbox 1064 1007 1092 1060; x_wconf 87' lang='lat' dir='ltr'><strong>in</strong></span> <span class='ocrx_word' id='word_1_82' title='bbox 1110 1008 1247 1063; x_wconf 73' lang='lat' dir='ltr'>audientes</span> <span class='ocrx_word' id='word_1_83' title='bbox 1264 1010 1355 1064; x_wconf 90' lang='lat' dir='ltr'><strong>lertlo·</strong></span> 
     </span>
     <span class='ocr_line' id='line_1_10' title="bbox 50 1092 1357 1161; baseline 0 -11"><span class='ocrx_word' id='word_1_84' title='bbox 50 1095 237 1150; x_wconf 90' lang='lat' dir='ltr'><strong>sihiimminere.</strong></span> <span class='ocrx_word' id='word_1_85' title='bbox 257 1097 505 1161; x_wconf 83' lang='lat' dir='ltr'><strong>ltnpuenoupntat,</strong></span> <span class='ocrx_word' id='word_1_86' title='bbox 518 1105 679 1159; x_wconf 84' lang='lat' dir='ltr'><strong>sepeeeare,</strong></span> <span class='ocrx_word' id='word_1_87' title='bbox 707 1103 767 1144; x_wconf 88' lang='lat' dir='ltr'><strong>nem</strong></span> <span class='ocrx_word' id='word_1_88' title='bbox 790 1092 881 1146; x_wconf 90' lang='lat' dir='ltr'><strong>iertnr.</strong></span> <span class='ocrx_word' id='word_1_89' title='bbox 917 1093 997 1146; x_wconf 84' lang='lat' dir='ltr'><strong>l’orro</strong></span> <span class='ocrx_word' id='word_1_90' title='bbox 1019 1093 1047 1146; x_wconf 92' lang='lat' dir='ltr'><strong>ln</strong></span> <span class='ocrx_word' id='word_1_91' title='bbox 1070 1093 1162 1158; x_wconf 85' lang='lat' dir='ltr'><strong>poenis</strong></span> <span class='ocrx_word' id='word_1_92' title='bbox 1188 1093 1258 1150; x_wconf 84' lang='lat' dir='ltr'><strong>odio</strong></span> <span class='ocrx_word' id='word_1_93' title='bbox 1284 1102 1357 1152; x_wconf 77' lang='lat' dir='ltr'><strong>ruat</strong></span> 
     </span>
     <span class='ocr_line' id='line_1_11' title="bbox 49 1175 1357 1248; baseline 0.002 -13"><span class='ocrx_word' id='word_1_94' title='bbox 49 1181 111 1246; x_wconf 79' lang='lat' dir='ltr'><strong>qna,</strong></span> <span class='ocrx_word' id='word_1_95' title='bbox 133 1186 248 1236; x_wconf 75' lang='lat' dir='ltr'><strong>cessante</strong></span> <span class='ocrx_word' id='word_1_96' title='bbox 264 1193 312 1248; x_wconf 93' lang='lat' dir='ltr'><strong>pro</strong></span> <span class='ocrx_word' id='word_1_97' title='bbox 329 1193 361 1236; x_wconf 90' lang='lat' dir='ltr'><strong>eo</strong></span> <span class='ocrx_word' id='word_1_98' title='bbox 378 1181 430 1236; x_wconf 90' lang='lat' dir='ltr'><strong>line</strong></span> <span class='ocrx_word' id='word_1_99' title='bbox 452 1181 532 1246; x_wconf 71' lang='lat' dir='ltr'><strong>lepis,</strong></span> <span class='ocrx_word' id='word_1_100' title='bbox 556 1181 601 1236; x_wconf 85' lang='lat' dir='ltr'><strong>lex</strong></span> <span class='ocrx_word' id='word_1_101' title='bbox 623 1180 681 1246; x_wconf 86' lang='lat' dir='ltr'><strong>ipsa</strong></span> <span class='ocrx_word' id='word_1_102' title='bbox 706 1175 919 1246; x_wconf 78' lang='lat' dir='ltr'><strong>reetriaperrdo,</strong></span> <span class='ocrx_word' id='word_1_103' title='bbox 938 1190 987 1232; x_wconf 88' lang='lat' dir='ltr'><strong>nec</strong></span> <span class='ocrx_word' id='word_1_104' title='bbox 1004 1192 1114 1236; x_wconf 85' lang='lat' dir='ltr'><strong>censura</strong></span> <span class='ocrx_word' id='word_1_105' title='bbox 1130 1183 1297 1238; x_wconf 64' lang='lat' dir='ltr'><strong>excudenda</strong></span> <span class='ocrx_word' id='word_1_106' title='bbox 1315 1187 1357 1238; x_wconf 86' lang='lat' dir='ltr'><strong>est</strong></span> 
     </span>
     <span class='ocr_line' id='line_1_12' title="bbox 50 1265 1351 1334; baseline 0.002 -12"><span class='ocrx_word' id='word_1_107' title='bbox 50 1269 114 1322; x_wconf 90' lang='lat' dir='ltr'><strong>etiam</strong></span> <span class='ocrx_word' id='word_1_108' title='bbox 131 1282 229 1324; x_wconf 82' lang='lat' dir='ltr'><strong>cessare</strong></span> <span class='ocrx_word' id='word_1_109' title='bbox 247 1269 336 1322; x_wconf 85' lang='lat' dir='ltr'><strong>debet.</strong></span> <span class='ocrx_word' id='word_1_110' title='bbox 706 1276 829 1331; x_wconf 79' lang='lat' dir='ltr'><strong>umquam</strong></span> <span class='ocrx_word' id='word_1_111' title='bbox 846 1265 880 1319; x_wconf 85' lang='lat' dir='ltr'><strong>ad</strong></span> <span class='ocrx_word' id='word_1_112' title='bbox 899 1277 987 1320; x_wconf 86' lang='lat' dir='ltr'><strong>casnm</strong></span> <span class='ocrx_word' id='word_1_113' title='bbox 1005 1267 1033 1322; x_wconf 91' lang='lat' dir='ltr'><strong>in</strong></span> <span class='ocrx_word' id='word_1_114' title='bbox 1045 1269 1104 1332; x_wconf 73' lang='lat' dir='ltr'><strong>lere</strong></span> <span class='ocrx_word' id='word_1_115' title='bbox 1120 1280 1173 1322; x_wconf 87' lang='lat' dir='ltr'><strong>non</strong></span> <span class='ocrx_word' id='word_1_116' title='bbox 1191 1281 1351 1334; x_wconf 80' lang='lat' dir='ltr'><strong>expressum.</strong></span> 
     </span>
     <span class='ocr_line' id='line_1_13' title="bbox 91 1350 1356 1421; baseline 0.002 -13"><span class='ocrx_word' id='word_1_117' title='bbox 91 1351 117 1408; x_wconf 79' lang='lat'><strong>2⁰</strong></span> <span class='ocrx_word' id='word_1_118' title='bbox 133 1357 301 1421; x_wconf 79' lang='lat' dir='ltr'><strong>Cleophas,</strong></span> <span class='ocrx_word' id='word_1_119' title='bbox 326 1356 453 1410; x_wconf 80' lang='lat' dir='ltr'><strong>laenitate</strong></span> <span class='ocrx_word' id='word_1_120' title='bbox 475 1353 580 1419; x_wconf 70' lang='lat' dir='ltr'><strong>tenendi</strong></span> <span class='ocrx_word' id='word_1_121' title='bbox 598 1353 680 1408; x_wconf 88' lang='lat' dir='ltr'><strong>libros</strong></span> <span class='ocrx_word' id='word_1_122' title='bbox 707 1377 740 1390; x_wconf 91' lang='lat'>-</span> <span class='ocrx_word' id='word_1_123' title='bbox 751 1350 1082 1418; x_wconf 67' lang='lat' dir='ltr'><strong>murmurmurmur.</strong></span> <span class='ocrx_word' id='word_1_124' title='bbox 1094 1355 1167 1408; x_wconf 75' lang='grc'><strong><em>222.</em></strong></span> <span class='ocrx_word' id='word_1_125' title='bbox 1179 1380 1212 1392; x_wconf 88' lang='grc'><strong>-</strong></span> <span class='ocrx_word' id='word_1_126' title='bbox 1223 1357 1356 1420; x_wconf 72' lang='lat' dir='ltr'><strong>Ituriopc</strong></span> 
     </span>
     <span class='ocr_line' id='line_1_14' title="bbox 49 1437 1357 1508; baseline -0.002 -10"><span class='ocrx_word' id='word_1_127' title='bbox 49 1441 176 1506; x_wconf 85' lang='lat' dir='ltr'><strong>prohihltos</strong></span> <span class='ocrx_word' id='word_1_128' title='bbox 200 1444 302 1508; x_wconf 87' lang='lat' dir='ltr'><strong>pariter</strong></span> <span class='ocrx_word' id='word_1_129' title='bbox 327 1455 433 1507; x_wconf 88' lang='lat' dir='ltr'><strong>carens,</strong></span> <span class='ocrx_word' id='word_1_130' title='bbox 464 1446 537 1496; x_wconf 86' lang='lat' dir='ltr'><strong>ratus</strong></span> <span class='ocrx_word' id='word_1_131' title='bbox 566 1452 678 1507; x_wconf 81' lang='lat' dir='ltr'><strong>quoqne,</strong></span> <span class='ocrx_word' id='word_1_132' title='bbox 707 1437 774 1502; x_wconf 79' lang='lat' dir='ltr'><strong>tbivi.</strong></span> <span class='ocrx_word' id='word_1_133' title='bbox 794 1465 828 1477; x_wconf 95' lang='lat'><em>-</em></span> <span class='ocrx_word' id='word_1_134' title='bbox 853 1439 877 1495; x_wconf 81' lang='lat' dir='ltr'><strong>V.</strong></span> <span class='ocrx_word' id='word_1_135' title='bbox 897 1437 1024 1496; x_wconf 79' lang='lat' dir='ltr'><strong>dicendo</strong></span> <span class='ocrx_word' id='word_1_136' title='bbox 1042 1437 1229 1496; x_wconf 76' lang='lat' dir='ltr'><strong>decentioris</strong></span> <span class='ocrx_word' id='word_1_137' title='bbox 1248 1440 1357 1506; x_wconf 69' lang='lat' dir='ltr'><strong>inice</strong></span> 
     </span>
     <span class='ocr_line' id='line_1_15' title="bbox 48 1527 1361 1594; baseline 0.002 -12"><span class='ocrx_word' id='word_1_138' title='bbox 48 1530 136 1582; x_wconf 90' lang='lat' dir='ltr'><strong>nnllnm</strong></span> <span class='ocrx_word' id='word_1_139' title='bbox 151 1530 253 1584; x_wconf 86' lang='lat' dir='ltr'><strong>animae</strong></span> <span class='ocrx_word' id='word_1_140' title='bbox 272 1530 417 1594; x_wconf 89' lang='lat' dir='ltr'><strong>pericnlum</strong></span> <span class='ocrx_word' id='word_1_141' title='bbox 435 1540 470 1584; x_wconf 83' lang='lat' dir='ltr'><strong>en</strong></span> <span class='ocrx_word' id='word_1_142' title='bbox 490 1527 601 1592; x_wconf 81' lang='lat' dir='ltr'><strong>alicuius</strong></span> <span class='ocrx_word' id='word_1_143' title='bbox 618 1527 680 1582; x_wconf 89' lang='lat' dir='ltr'><strong>llhrl</strong></span> <span class='ocrx_word' id='word_1_144' title='bbox 709 1527 812 1589; x_wconf 82' lang='lat' dir='ltr'><strong>operia</strong></span> <span class='ocrx_word' id='word_1_145' title='bbox 1359 1580 1361 1584; x_wconf 81' lang='grc'>,</span> 
     </span>
     <span class='ocr_line' id='line_1_16' title="bbox 49 1606 1355 1682; baseline -0.001 -12"><span class='ocrx_word' id='word_1_146' title='bbox 49 1615 153 1682; x_wconf 74' lang='lat' dir='ltr'><strong>prohibiti</strong></span> <span class='ocrx_word' id='word_1_147' title='bbox 177 1617 297 1672; x_wconf 88' lang='lat' dir='ltr'><strong>doctrina</strong></span> <span class='ocrx_word' id='word_1_148' title='bbox 322 1616 373 1670; x_wconf 89' lang='lat' dir='ltr'><strong>sibi</strong></span> <span class='ocrx_word' id='word_1_149' title='bbox 400 1619 585 1682; x_wconf 86' lang='lat' dir='ltr'><strong>proventurum</strong></span> <span class='ocrx_word' id='word_1_150' title='bbox 612 1626 679 1679; x_wconf 83' lang='lat' dir='ltr'><strong>esse,</strong></span> <span class='ocrx_word' id='word_1_151' title='bbox 759 1606 789 1662; x_wconf 76' lang='lat'><strong>2⁸</strong></span> <span class='ocrx_word' id='word_1_152' title='bbox 808 1613 968 1677; x_wconf 87' lang='lat' dir='ltr'><strong>cleophas</strong></span> <span class='ocrx_word' id='word_1_153' title='bbox 991 1613 1123 1668; x_wconf 86' lang='lat' dir='ltr'><strong>audiendo</strong></span> <span class='ocrx_word' id='word_1_154' title='bbox 1146 1615 1277 1680; x_wconf 76' lang='lat' dir='ltr'><strong>leporum</strong></span> <span class='ocrx_word' id='word_1_155' title='bbox 1294 1627 1355 1680; x_wconf 87' lang='lat' dir='ltr'><strong>pee-</strong></span> 
     </span>
     <span class='ocr_line' id='line_1_17' title="bbox 48 1698 1356 1768; baseline -0.001 -11"><span class='ocrx_word' id='word_1_156' title='bbox 48 1703 178 1757; x_wconf 85' lang='lat' dir='ltr'><strong>nicentius</strong></span> <span class='ocrx_word' id='word_1_157' title='bbox 201 1702 403 1768; x_wconf 89' lang='lat' dir='ltr'><strong>prohibitionem</strong></span> <span class='ocrx_word' id='word_1_158' title='bbox 426 1702 554 1767; x_wconf 87' lang='lat' dir='ltr'><strong>declinet,</strong></span> <span class='ocrx_word' id='word_1_159' title='bbox 582 1702 616 1756; x_wconf 86' lang='lat' dir='ltr'><strong>ad</strong></span> <span class='ocrx_word' id='word_1_160' title='bbox 640 1702 679 1755; x_wconf 90' lang='lat' dir='ltr'><strong>in·</strong></span> <span class='ocrx_word' id='word_1_161' title='bbox 708 1698 777 1752; x_wconf 85' lang='lat' dir='ltr'><strong>eavit</strong></span> <span class='ocrx_word' id='word_1_162' title='bbox 800 1700 895 1752; x_wconf 85' lang='lat' dir='ltr'><strong>saltem</strong></span> <span class='ocrx_word' id='word_1_163' title='bbox 919 1703 1008 1753; x_wconf 88' lang='lat' dir='ltr'><strong>contra</strong></span> <span class='ocrx_word' id='word_1_164' title='bbox 1031 1701 1117 1766; x_wconf 73' lang='lat' dir='ltr'><strong>legem</strong></span> <span class='ocrx_word' id='word_1_165' title='bbox 1143 1701 1306 1768; x_wconf 77' lang='lat' dir='ltr'><strong>naturalem,</strong></span> <span class='ocrx_word' id='word_1_166' title='bbox 1333 1703 1356 1756; x_wconf 88' lang='lat' dir='ltr'><strong>sl</strong></span> 
     </span>
     <span class='ocr_line' id='line_1_18' title="bbox 50 1785 1356 1857; baseline -0.001 -14"><span class='ocrx_word' id='word_1_167' title='bbox 50 1789 158 1844; x_wconf 83' lang='lat' dir='ltr'><strong>buniam</strong></span> <span class='ocrx_word' id='word_1_168' title='bbox 179 1791 304 1846; x_wconf 83' lang='lat' dir='ltr'><strong>recurrit:</strong></span> <span class='ocrx_word' id='word_1_169' title='bbox 327 1803 379 1846; x_wconf 87' lang='lat' dir='ltr'><strong>non</strong></span> <span class='ocrx_word' id='word_1_170' title='bbox 402 1791 467 1855; x_wconf 75' lang='lat' dir='ltr'><strong>legit</strong></span> <span class='ocrx_word' id='word_1_171' title='bbox 487 1789 608 1857; x_wconf 81' lang='lat' dir='ltr'><strong>quidem,</strong></span> <span class='ocrx_word' id='word_1_172' title='bbox 632 1788 679 1842; x_wconf 89' lang='lat' dir='ltr'><strong>sed</strong></span> <span class='ocrx_word' id='word_1_173' title='bbox 707 1785 824 1849; x_wconf 89' lang='lat' dir='ltr'><strong>periculo</strong></span> <span class='ocrx_word' id='word_1_174' title='bbox 850 1785 1012 1840; x_wconf 77' lang='lat' dir='ltr'><strong>seductionis</strong></span> <span class='ocrx_word' id='word_1_175' title='bbox 1036 1798 1067 1840; x_wconf 89' lang='lat' dir='ltr'><strong>se</strong></span> <span class='ocrx_word' id='word_1_176' title='bbox 1092 1789 1255 1852; x_wconf 75' lang='lat' dir='ltr'><strong>exposuerit,</strong></span> <span class='ocrx_word' id='word_1_177' title='bbox 1286 1789 1356 1856; x_wconf 81' lang='lat' dir='ltr'><strong>pnod</strong></span> 
     </span>
     <span class='ocr_line' id='line_1_19' title="bbox 50 1873 1355 1944; baseline 0 -14"><span class='ocrx_word' id='word_1_178' title='bbox 50 1877 115 1930; x_wconf 85' lang='lat' dir='ltr'><strong>rhum</strong></span> <span class='ocrx_word' id='word_1_179' title='bbox 130 1879 259 1944; x_wconf 71' lang='lat' dir='ltr'><strong>legentem</strong></span> <span class='ocrx_word' id='word_1_180' title='bbox 279 1878 387 1932; x_wconf 74' lang='lat' dir='ltr'><strong>arrectis</strong></span> <span class='ocrx_word' id='word_1_181' title='bbox 405 1876 511 1932; x_wconf 85' lang='lat' dir='ltr'><strong>auribus</strong></span> <span class='ocrx_word' id='word_1_182' title='bbox 527 1875 611 1940; x_wconf 88' lang='lat' dir='ltr'><strong>audit,</strong></span> <span class='ocrx_word' id='word_1_183' title='bbox 630 1887 679 1929; x_wconf 88' lang='lat' dir='ltr'><strong>nee</strong></span> <span class='ocrx_word' id='word_1_184' title='bbox 707 1873 757 1925; x_wconf 91' lang='lat' dir='ltr'><strong>hac</strong></span> <span class='ocrx_word' id='word_1_185' title='bbox 774 1874 801 1926; x_wconf 90' lang='lat' dir='ltr'><strong>in</strong></span> <span class='ocrx_word' id='word_1_186' title='bbox 824 1885 853 1928; x_wconf 92' lang='lat' dir='ltr'><strong>re</strong></span> <span class='ocrx_word' id='word_1_187' title='bbox 875 1873 1032 1928; x_wconf 79' lang='lat' dir='ltr'><strong>tacsshmum</strong></span> <span class='ocrx_word' id='word_1_188' title='bbox 1050 1877 1097 1928; x_wconf 82' lang='lat' dir='ltr'><strong>eat</strong></span> <span class='ocrx_word' id='word_1_189' title='bbox 1135 1876 1258 1930; x_wconf 80' lang='lat' dir='ltr'><strong>Peccavit</strong></span> <span class='ocrx_word' id='word_1_190' title='bbox 1275 1877 1355 1930; x_wconf 91' lang='lat' dir='ltr'><strong>etlam</strong></span> 
     </span>
     <span class='ocr_line' id='line_1_20' title="bbox 49 1959 1356 2032; baseline -0.001 -14"><span class='ocrx_word' id='word_1_191' title='bbox 49 1969 111 2028; x_wconf 81' lang='lat' dir='ltr'><strong>putet</strong></span> <span class='ocrx_word' id='word_1_192' title='bbox 125 1965 233 2032; x_wconf 75' lang='lat' dir='ltr'><strong>legentis</strong></span> <span class='ocrx_word' id='word_1_193' title='bbox 251 1969 360 2030; x_wconf 84' lang='lat' dir='ltr'><strong>peccato</strong></span> <span class='ocrx_word' id='word_1_194' title='bbox 377 1964 523 2030; x_wconf 90' lang='lat' dir='ltr'><strong>cooperari,</strong></span> <span class='ocrx_word' id='word_1_195' title='bbox 543 1964 600 2018; x_wconf 88' lang='lat' dir='ltr'><strong>slve</strong></span> <span class='ocrx_word' id='word_1_196' title='bbox 618 1961 680 2028; x_wconf 78' lang='lat' dir='ltr'><strong>nula</strong></span> <span class='ocrx_word' id='word_1_197' title='bbox 706 1963 797 2013; x_wconf 88' lang='lat' dir='ltr'><strong>eontra</strong></span> <span class='ocrx_word' id='word_1_198' title='bbox 823 1960 910 2024; x_wconf 70' lang='lat' dir='ltr'><strong>lesem</strong></span> <span class='ocrx_word' id='word_1_199' title='bbox 936 1959 1067 2014; x_wconf 78' lang='lat' dir='ltr'><strong>Ecclesiae</strong></span> <span class='ocrx_word' id='word_1_200' title='bbox 1093 1966 1201 2026; x_wconf 87' lang='lat' dir='ltr'><strong>peceato</strong></span> <span class='ocrx_word' id='word_1_201' title='bbox 1231 1973 1356 2028; x_wconf 86' lang='lat' dir='ltr'><strong>coopera-</strong></span> 
     </span>
     <span class='ocr_line' id='line_1_21' title="bbox 48 2047 1355 2116; baseline 0.002 -14"><span class='ocrx_word' id='word_1_202' title='bbox 48 2051 124 2116; x_wconf 80' lang='lat' dir='ltr'><strong>lepens</strong></span> <span class='ocrx_word' id='word_1_203' title='bbox 139 2053 178 2106; x_wconf 89' lang='lat' dir='ltr'><strong>vir</strong></span> <span class='ocrx_word' id='word_1_204' title='bbox 193 2052 334 2107; x_wconf 90' lang='lat' dir='ltr'><strong>admodum</strong></span> <span class='ocrx_word' id='word_1_205' title='bbox 352 2052 466 2116; x_wconf 88' lang='lat' dir='ltr'><strong>prudens</strong></span> <span class='ocrx_word' id='word_1_206' title='bbox 478 2055 528 2115; x_wconf 90' lang='lat' dir='ltr'><strong>est,</strong></span> <span class='ocrx_word' id='word_1_207' title='bbox 546 2049 603 2104; x_wconf 89' lang='lat' dir='ltr'><strong>slve</strong></span> <span class='ocrx_word' id='word_1_208' title='bbox 618 2049 679 2115; x_wconf 84' lang='lat' dir='ltr'><strong>quia</strong></span> <span class='ocrx_word' id='word_1_209' title='bbox 707 2047 794 2112; x_wconf 86' lang='lat' dir='ltr'><strong>tionis,</strong></span> <span class='ocrx_word' id='word_1_210' title='bbox 814 2048 837 2100; x_wconf 90' lang='lat' dir='ltr'><strong>ri</strong></span> <span class='ocrx_word' id='word_1_211' title='bbox 855 2047 937 2100; x_wconf 86' lang='lat' dir='ltr'><strong>allum</strong></span> <span class='ocrx_word' id='word_1_212' title='bbox 954 2047 1062 2101; x_wconf 89' lang='lat' dir='ltr'><strong>licentia</strong></span> <span class='ocrx_word' id='word_1_213' title='bbox 1074 2052 1206 2104; x_wconf 87' lang='lat' dir='ltr'><strong>carentem</strong></span> <span class='ocrx_word' id='word_1_214' title='bbox 1219 2049 1251 2102; x_wconf 88' lang='lat' dir='ltr'><strong>ad</strong></span> <span class='ocrx_word' id='word_1_215' title='bbox 1265 2050 1355 2114; x_wconf 71' lang='lat' dir='ltr'><strong>lesen·</strong></span> 
     </span>
     <span class='ocr_line' id='line_1_22' title="bbox 49 2133 928 2204; baseline -0.003 -14"><span class='ocrx_word' id='word_1_216' title='bbox 49 2137 85 2190; x_wconf 94' lang='lat' dir='ltr'><strong>ille</strong></span> <span class='ocrx_word' id='word_1_217' title='bbox 99 2139 245 2196; x_wconf 85' lang='lat' dir='ltr'><strong>laenitatem</strong></span> <span class='ocrx_word' id='word_1_218' title='bbox 264 2139 369 2204; x_wconf 73' lang='lat' dir='ltr'><strong>legendi</strong></span> <span class='ocrx_word' id='word_1_219' title='bbox 388 2139 476 2192; x_wconf 88' lang='lat' dir='ltr'><strong>habet</strong></span> <span class='ocrx_word' id='word_1_220' title='bbox 707 2133 768 2186; x_wconf 92' lang='lat' dir='ltr'><strong>dnm</strong></span> <span class='ocrx_word' id='word_1_221' title='bbox 787 2133 928 2188; x_wconf 83' lang='lat' dir='ltr'><strong>induxerit.</strong></span> 
     </span>
     <span class='ocr_line' id='line_1_23' title="bbox 90 2220 1356 2288; baseline -0.001 -10"><span class='ocrx_word' id='word_1_222' title='bbox 90 2221 151 2278; x_wconf 84' lang='lat' dir='ltr'><strong>llum</strong></span> <span class='ocrx_word' id='word_1_223' title='bbox 758 2223 822 2286; x_wconf 78' lang='lat' dir='ltr'><strong>Quid</strong></span> <span class='ocrx_word' id='word_1_224' title='bbox 841 2234 912 2286; x_wconf 88' lang='lat' dir='ltr'><strong>vero,</strong></span> <span class='ocrx_word' id='word_1_225' title='bbox 930 2220 955 2274; x_wconf 87' lang='lat' dir='ltr'><strong>si</strong></span> <span class='ocrx_word' id='word_1_226' title='bbox 973 2220 1064 2286; x_wconf 71' lang='lat' dir='ltr'><strong>legens</strong></span> <span class='ocrx_word' id='word_1_227' title='bbox 1079 2221 1186 2276; x_wconf 83' lang='lat' dir='ltr'><strong>licentio</strong></span> <span class='ocrx_word' id='word_1_228' title='bbox 1200 2223 1308 2288; x_wconf 88' lang='lat' dir='ltr'><strong>polleat,</strong></span> <span class='ocrx_word' id='word_1_229' title='bbox 1329 2227 1356 2277; x_wconf 88' lang='lat' dir='ltr'><strong>et</strong></span> 
     </span>
     <span class='ocr_line' id='line_1_24' title="bbox 49 2307 1355 2380; baseline -0.005 -14"><span class='ocrx_word' id='word_1_230' title='bbox 49 2307 150 2380; x_wconf 69' lang='lat' dir='ltr'><strong>poter.</strong></span> <span class='ocrx_word' id='word_1_231' title='bbox 163 2311 245 2369; x_wconf 77' lang='lat' dir='ltr'><strong>1⁰Arr</strong></span> <span class='ocrx_word' id='word_1_232' title='bbox 269 2325 372 2368; x_wconf 83' lang='lat' dir='ltr'><strong>renero</strong></span> <span class='ocrx_word' id='word_1_233' title='bbox 393 2313 443 2368; x_wconf 77' lang='lat' dir='ltr'><strong>len</strong></span> <span class='ocrx_word' id='word_1_234' title='bbox 464 2311 622 2366; x_wconf 73' lang='lat' dir='ltr'><strong>cessaverit</strong></span> <span class='ocrx_word' id='word_1_235' title='bbox 647 2311 680 2363; x_wconf 79' lang='lat' dir='ltr'><strong>ta</strong></span> <span class='ocrx_word' id='word_1_236' title='bbox 706 2309 929 2364; x_wconf 85' lang='lat' dir='ltr'><strong>andlensnnllnnv</strong></span> <span class='ocrx_word' id='word_1_237' title='bbox 941 2309 1046 2362; x_wconf 91' lang='lat' dir='ltr'><strong>omnino</strong></span> <span class='ocrx_word' id='word_1_238' title='bbox 1060 2309 1205 2373; x_wconf 89' lang='lat' dir='ltr'><strong>pericnlum</strong></span> <span class='ocrx_word' id='word_1_239' title='bbox 1221 2311 1355 2365; x_wconf 74' lang='lat' dir='ltr'><strong>incurvati</strong></span> 
     </span>
     <span class='ocr_line' id='line_1_25' title="bbox 199 2397 1356 2464; baseline -0.002 -10"><span class='ocrx_word' id='word_1_240' title='bbox 199 2403 297 2464; x_wconf 85' lang='lat' dir='ltr'><strong>primo</strong></span> <span class='ocrx_word' id='word_1_241' title='bbox 318 2411 392 2454; x_wconf 84' lang='lat' dir='ltr'><strong>caen</strong></span> <span class='ocrx_word' id='word_1_242' title='bbox 415 2404 477 2454; x_wconf 79' lang='lat' dir='ltr'><strong>tort</strong></span> <span class='ocrx_word' id='word_1_243' title='bbox 498 2397 679 2463; x_wconf 73' lang='lat' dir='ltr'><strong>properio</strong></span> <span class='ocrx_word' id='word_1_244' title='bbox 706 2399 943 2453; x_wconf 72' lang='lat' dir='ltr'><strong>controvertitur.</strong></span> <span class='ocrx_word' id='word_1_245' title='bbox 981 2397 1037 2451; x_wconf 87' lang='lat' dir='ltr'><strong>lion</strong></span> <span class='ocrx_word' id='word_1_246' title='bbox 1059 2398 1136 2462; x_wconf 87' lang='lat' dir='ltr'><strong>panel</strong></span> <span class='ocrx_word' id='word_1_247' title='bbox 1159 2400 1356 2463; x_wconf 65' lang='lat' dir='ltr'><strong>strenuissimi</strong></span> 
     </span>
     <span class='ocr_line' id='line_1_26' title="bbox 200 2484 1353 2552; baseline -0.001 -10"><span class='ocrx_word' id='word_1_248' title='bbox 200 2499 273 2542; x_wconf 78' lang='lat' dir='ltr'><strong>cnm</strong></span> <span class='ocrx_word' id='word_1_249' title='bbox 288 2484 387 2550; x_wconf 68' lang='lat' dir='ltr'><strong>noem,</strong></span> <span class='ocrx_word' id='word_1_250' title='bbox 407 2489 468 2541; x_wconf 78' lang='lat' dir='ltr'><strong>tura</strong></span> <span class='ocrx_word' id='word_1_251' title='bbox 483 2489 603 2550; x_wconf 87' lang='lat' dir='ltr'><strong>propter</strong></span> <span class='ocrx_word' id='word_1_252' title='bbox 619 2495 681 2538; x_wconf 84' lang='lat' dir='ltr'><strong>ceo·</strong></span> <span class='ocrx_word' id='word_1_253' title='bbox 705 2487 832 2550; x_wconf 68' lang='lat' dir='ltr'><strong>theologi,</strong></span> <span class='ocrx_word' id='word_1_254' title='bbox 846 2485 915 2540; x_wconf 87' lang='lat' dir='ltr'><strong>inter</strong></span> <span class='ocrx_word' id='word_1_255' title='bbox 928 2497 992 2550; x_wconf 85' lang='lat' dir='ltr'><strong>puos</strong></span> <span class='ocrx_word' id='word_1_256' title='bbox 1009 2486 1108 2540; x_wconf 89' lang='lat' dir='ltr'><strong>eminet</strong></span> <span class='ocrx_word' id='word_1_257' title='bbox 1119 2489 1239 2550; x_wconf 78' lang='lat' dir='ltr'><strong>sueres,</strong></span> <span class='ocrx_word' id='word_1_258' title='bbox 1254 2485 1353 2552; x_wconf 87' lang='lat' dir='ltr'><strong>dieunt,</strong></span> 
     </span>
     <span class='ocr_line' id='line_1_27' title="bbox 200 2571 1355 2640; baseline 0.001 -12"><span class='ocrx_word' id='word_1_259' title='bbox 200 2577 348 2628; x_wconf 77' lang='lat' dir='ltr'><strong>reuocent</strong></span> <span class='ocrx_word' id='word_1_260' title='bbox 364 2571 434 2636; x_wconf 80' lang='lat' dir='ltr'><strong>licie</strong></span> <span class='ocrx_word' id='word_1_261' title='bbox 451 2573 541 2637; x_wconf 80' lang='lat' dir='ltr'><strong>reptet</strong></span> <span class='ocrx_word' id='word_1_262' title='bbox 705 2573 856 2627; x_wconf 73' lang='lat' dir='ltr'><strong>sumentem</strong></span> <span class='ocrx_word' id='word_1_263' title='bbox 873 2584 984 2638; x_wconf 71' lang='lat' dir='ltr'><strong>peecare</strong></span> <span class='ocrx_word' id='word_1_264' title='bbox 1001 2575 1131 2639; x_wconf 70' lang='lat' dir='ltr'><strong>maniter,</strong></span> <span class='ocrx_word' id='word_1_265' title='bbox 1154 2575 1216 2640; x_wconf 80' lang='lat' dir='ltr'><strong>nula</strong></span> <span class='ocrx_word' id='word_1_266' title='bbox 1234 2576 1278 2630; x_wconf 83' lang='lat' dir='ltr'><strong>lex</strong></span> <span class='ocrx_word' id='word_1_267' title='bbox 1296 2588 1355 2640; x_wconf 91' lang='lat' dir='ltr'><strong>pro-</strong></span> 
     </span>
     <span class='ocr_line' id='line_1_28' title="bbox 154 2654 1355 2726; baseline 0.003 -14"><span class='ocrx_word' id='word_1_268' title='bbox 154 2655 236 2716; x_wconf 78' lang='lat' dir='ltr'><strong>2⁸Arr</strong></span> <span class='ocrx_word' id='word_1_269' title='bbox 269 2661 447 2724; x_wconf 75' lang='lat' dir='ltr'><strong>cleophae</strong></span> <span class='ocrx_word' id='word_1_270' title='bbox 483 2661 515 2714; x_wconf 84' lang='lat' dir='ltr'><strong>ia</strong></span> <span class='ocrx_word' id='word_1_271' title='bbox 552 2654 681 2712; x_wconf 81' lang='lat' dir='ltr'><strong>seeundo</strong></span> <span class='ocrx_word' id='word_1_272' title='bbox 707 2661 800 2715; x_wconf 88' lang='lat' dir='ltr'><strong>hibens</strong></span> <span class='ocrx_word' id='word_1_273' title='bbox 820 2661 960 2715; x_wconf 79' lang='lat' dir='ltr'><strong>lechonem</strong></span> <span class='ocrx_word' id='word_1_274' title='bbox 984 2661 1111 2726; x_wconf 90' lang='lat' dir='ltr'><strong>implicite</strong></span> <span class='ocrx_word' id='word_1_275' title='bbox 1134 2664 1212 2716; x_wconf 86' lang='lat' dir='ltr'><strong>etlam</strong></span> <span class='ocrx_word' id='word_1_276' title='bbox 1233 2663 1355 2717; x_wconf 86' lang='lat' dir='ltr'><strong>lectionis</strong></span> 
     </span>
     <span class='ocr_line' id='line_1_29' title="bbox 201 2747 1355 2814; baseline 0 -12"><span class='ocrx_word' id='word_1_277' title='bbox 201 2759 277 2803; x_wconf 85' lang='lat' dir='ltr'><strong>caete</strong></span> <span class='ocrx_word' id='word_1_278' title='bbox 299 2758 455 2802; x_wconf 73' lang='lat' dir='ltr'><strong>cercurum</strong></span> <span class='ocrx_word' id='word_1_279' title='bbox 477 2747 637 2802; x_wconf 72' lang='lat' dir='ltr'><strong>tneummt</strong></span> <span class='ocrx_word' id='word_1_280' title='bbox 654 2747 682 2798; x_wconf 92' lang='lat' dir='ltr'><strong>et</strong></span> <span class='ocrx_word' id='word_1_281' title='bbox 706 2749 867 2804; x_wconf 76' lang='lat' dir='ltr'><strong>auditionem</strong></span> <span class='ocrx_word' id='word_1_282' title='bbox 890 2751 971 2802; x_wconf 82' lang='lat' dir='ltr'><strong>vetat</strong></span> <span class='ocrx_word' id='word_1_283' title='bbox 1014 2749 1064 2803; x_wconf 80' lang='lat' dir='ltr'><strong>till</strong></span> <span class='ocrx_word' id='word_1_284' title='bbox 1088 2750 1121 2801; x_wconf 87' lang='lat' dir='ltr'><strong>ab</strong></span> <span class='ocrx_word' id='word_1_285' title='bbox 1148 2749 1220 2802; x_wconf 89' lang='lat' dir='ltr'><strong>omni</strong></span> <span class='ocrx_word' id='word_1_286' title='bbox 1246 2752 1355 2814; x_wconf 90' lang='lat' dir='ltr'><strong>peceato</strong></span> 
     </span>
     <span class='ocr_line' id='line_1_30' title="bbox 198 2829 1355 2901; baseline 0.001 -12"><span class='ocrx_word' id='word_1_287' title='bbox 198 2837 330 2900; x_wconf 80' lang='lat' dir='ltr'><strong>prooiter</strong></span> <span class='ocrx_word' id='word_1_288' title='bbox 349 2835 529 2898; x_wconf 81' lang='lat' dir='ltr'><strong>peccaverit,</strong></span> <span class='ocrx_word' id='word_1_289' title='bbox 554 2829 681 2888; x_wconf 64' lang='lat' dir='ltr'><strong>crimene</strong></span> <span class='ocrx_word' id='word_1_290' title='bbox 706 2841 845 2898; x_wconf 78' lang='lat' dir='ltr'><strong>excusam,</strong></span> <span class='ocrx_word' id='word_1_291' title='bbox 873 2835 934 2901; x_wconf 80' lang='lat' dir='ltr'><strong>qula</strong></span> <span class='ocrx_word' id='word_1_292' title='bbox 959 2835 1069 2890; x_wconf 83' lang='lat' dir='ltr'><strong>audiens</strong></span> <span class='ocrx_word' id='word_1_293' title='bbox 1092 2847 1185 2900; x_wconf 86' lang='lat' dir='ltr'><strong>reapse</strong></span> <span class='ocrx_word' id='word_1_294' title='bbox 1209 2847 1262 2890; x_wconf 91' lang='lat' dir='ltr'><strong>non</strong></span> <span class='ocrx_word' id='word_1_295' title='bbox 1290 2836 1355 2901; x_wconf 71' lang='lat' dir='ltr'><strong>repit</strong></span> 
     </span>
     <span class='ocr_line' id='line_1_31' title="bbox 202 2921 1355 2988; baseline 0 -12"><span class='ocrx_word' id='word_1_296' title='bbox 202 2926 319 2976; x_wconf 78' lang='lat' dir='ltr'><strong>tontum</strong></span> <span class='ocrx_word' id='word_1_297' title='bbox 353 2922 510 2986; x_wconf 73' lang='lat' dir='ltr'><strong>leucatem,</strong></span> <span class='ocrx_word' id='word_1_298' title='bbox 552 2924 581 2974; x_wconf 90' lang='lat' dir='ltr'><strong>et</strong></span> <span class='ocrx_word' id='word_1_299' title='bbox 620 2931 680 2975; x_wconf 80' lang='lat' dir='ltr'><strong>noo</strong></span> <span class='ocrx_word' id='word_1_300' title='bbox 705 2936 754 2978; x_wconf 90' lang='lat' dir='ltr'><strong>nee</strong></span> <span class='ocrx_word' id='word_1_301' title='bbox 772 2921 879 2988; x_wconf 89' lang='lat' dir='ltr'><strong>proinde</strong></span> <span class='ocrx_word' id='word_1_302' title='bbox 897 2921 981 2976; x_wconf 87' lang='lat' dir='ltr'><strong>violat</strong></span> <span class='ocrx_word' id='word_1_303' title='bbox 1001 2922 1100 2986; x_wconf 72' lang='lat' dir='ltr'><strong>legem,</strong></span> <span class='ocrx_word' id='word_1_304' title='bbox 1124 2933 1192 2988; x_wconf 80' lang='lat' dir='ltr'><strong>puae</strong></span> <span class='ocrx_word' id='word_1_305' title='bbox 1215 2921 1355 2976; x_wconf 83' lang='lat' dir='ltr'><strong>lectionem</strong></span> 
     </span>
     <span class='ocr_line' id='line_1_32' title="bbox 203 3007 1355 3076; baseline 0 -14"><span class='ocrx_word' id='word_1_306' title='bbox 203 3010 303 3074; x_wconf 82' lang='lat' dir='ltr'><strong>tepens</strong></span> <span class='ocrx_word' id='word_1_307' title='bbox 321 3009 398 3071; x_wconf 81' lang='lat' dir='ltr'><strong>tpeev</strong></span> <span class='ocrx_word' id='word_1_308' title='bbox 705 3010 838 3076; x_wconf 88' lang='lat' dir='ltr'><strong>prohibet;</strong></span> <span class='ocrx_word' id='word_1_309' title='bbox 851 3019 936 3074; x_wconf 76' lang='lat' dir='ltr'><strong>neam</strong></span> <span class='ocrx_word' id='word_1_310' title='bbox 946 3019 1037 3062; x_wconf 86' lang='lat' dir='ltr'><strong>rernm</strong></span> <span class='ocrx_word' id='word_1_311' title='bbox 1046 3012 1096 3072; x_wconf 80' lang='lat' dir='ltr'><strong>est,</strong></span> <span class='ocrx_word' id='word_1_312' title='bbox 1107 3009 1189 3074; x_wconf 77' lang='lat' dir='ltr'><strong>alunt,</strong></span> <span class='ocrx_word' id='word_1_313' title='bbox 1201 3007 1355 3073; x_wconf 87' lang='lat' dir='ltr'><strong>prohibitio·</strong></span> 
     </span>
     <span class='ocr_line' id='line_1_33' title="bbox 285 3089 1354 3161; baseline 0.002 -14"><span class='ocrx_word' id='word_1_314' title='bbox 285 3089 423 3148; x_wconf 87' lang='lat' dir='ltr'><strong>Solntlo.</strong></span> <span class='ocrx_word' id='word_1_315' title='bbox 706 3109 766 3151; x_wconf 88' lang='lat' dir='ltr'><strong>nem</strong></span> <span class='ocrx_word' id='word_1_316' title='bbox 784 3095 888 3161; x_wconf 76' lang='lat' dir='ltr'><strong>rependi</strong></span> <span class='ocrx_word' id='word_1_317' title='bbox 906 3095 1043 3148; x_wconf 90' lang='lat' dir='ltr'><strong>involvere</strong></span> <span class='ocrx_word' id='word_1_318' title='bbox 1060 3095 1140 3147; x_wconf 88' lang='lat' dir='ltr'><strong>etlam</strong></span> <span class='ocrx_word' id='word_1_319' title='bbox 1152 3094 1354 3159; x_wconf 88' lang='lat' dir='ltr'><strong>prohibitionem</strong></span> 
     </span>
     <span class='ocr_line' id='line_1_34' title="bbox 93 3177 1356 3248; baseline 0.003 -16"><span class='ocrx_word' id='word_1_320' title='bbox 93 3177 144 3233; x_wconf 85' lang='lat' dir='ltr'><strong>iul.</strong></span> <span class='ocrx_word' id='word_1_321' title='bbox 164 3183 193 3236; x_wconf 88' lang='lat' dir='ltr'><strong>ll.</strong></span> <span class='ocrx_word' id='word_1_322' title='bbox 215 3181 259 3235; x_wconf 82' lang='lat' dir='ltr'><strong>nd</strong></span> <span class='ocrx_word' id='word_1_323' title='bbox 280 3181 317 3234; x_wconf 73' lang='lat' dir='ltr'><strong>lm</strong></span> <span class='ocrx_word' id='word_1_324' title='bbox 344 3185 445 3247; x_wconf 78' lang='lat' dir='ltr'><strong>onnes.</strong></span> <span class='ocrx_word' id='word_1_325' title='bbox 481 3185 547 3248; x_wconf 61' lang='lat' dir='ltr'><strong>hiep.</strong></span> <span class='ocrx_word' id='word_1_326' title='bbox 573 3193 680 3246; x_wconf 86' lang='lat' dir='ltr'><strong>prorsus</strong></span> <span class='ocrx_word' id='word_1_327' title='bbox 706 3184 830 3238; x_wconf 84' lang='lat' dir='ltr'><strong>audiendi</strong></span> <span class='ocrx_word' id='word_1_328' title='bbox 849 3185 992 3248; x_wconf 74' lang='lat' dir='ltr'><strong>tepentem:</strong></span> <span class='ocrx_word' id='word_1_329' title='bbox 1013 3183 1057 3235; x_wconf 86' lang='lat' dir='ltr'><strong>ier</strong></span> <span class='ocrx_word' id='word_1_330' title='bbox 1074 3181 1210 3235; x_wconf 90' lang='lat' dir='ltr'><strong>enlmnon</strong></span> <span class='ocrx_word' id='word_1_331' title='bbox 1225 3181 1356 3248; x_wconf 84' lang='lat' dir='ltr'><strong>expressit</strong></span> 
     </span>
     <span class='ocr_line' id='line_1_35' title="bbox 54 3261 1354 3337; baseline 0.005 -22"><span class='ocrx_word' id='word_1_332' title='bbox 54 3261 111 3317; x_wconf 87' lang='lat' dir='ltr'><strong>latio</strong></span> <span class='ocrx_word' id='word_1_333' title='bbox 126 3271 176 3332; x_wconf 89' lang='lat' dir='ltr'><strong>est,</strong></span> <span class='ocrx_word' id='word_1_334' title='bbox 199 3269 263 3334; x_wconf 84' lang='lat' dir='ltr'><strong>poia</strong></span> <span class='ocrx_word' id='word_1_335' title='bbox 280 3270 340 3324; x_wconf 86' lang='lat' dir='ltr'><strong>linis</strong></span> <span class='ocrx_word' id='word_1_336' title='bbox 362 3271 428 3335; x_wconf 74' lang='lat' dir='ltr'><strong>lepis</strong></span> <span class='ocrx_word' id='word_1_337' title='bbox 446 3269 606 3337; x_wconf 80' lang='lat' dir='ltr'><strong>edaeooatus</strong></span> <span class='ocrx_word' id='word_1_338' title='bbox 624 3281 679 3323; x_wconf 86' lang='lat' dir='ltr'><strong>ces·</strong></span> <span class='ocrx_word' id='word_1_339' title='bbox 706 3273 854 3336; x_wconf 80' lang='lat' dir='ltr'><strong>audientes,</strong></span> <span class='ocrx_word' id='word_1_340' title='bbox 879 3271 940 3337; x_wconf 82' lang='lat' dir='ltr'><strong>puin</strong></span> <span class='ocrx_word' id='word_1_341' title='bbox 962 3271 1098 3336; x_wconf 74' lang='lat' dir='ltr'><strong>inperator</strong></span> <span class='ocrx_word' id='word_1_342' title='bbox 1119 3270 1232 3324; x_wconf 88' lang='lat' dir='ltr'><strong>attendit</strong></span> <span class='ocrx_word' id='word_1_343' title='bbox 1251 3271 1354 3324; x_wconf 87' lang='lat' dir='ltr'><strong>tantnnr</strong></span> 
     </span>
     <span class='ocr_line' id='line_1_36' title="bbox 54 3355 1352 3424; baseline 0.006 -22"><span class='ocrx_word' id='word_1_344' title='bbox 54 3360 99 3404; x_wconf 83' lang='lat' dir='ltr'><strong>stre</strong></span> <span class='ocrx_word' id='word_1_345' title='bbox 124 3365 173 3408; x_wconf 90' lang='lat' dir='ltr'><strong>non</strong></span> <span class='ocrx_word' id='word_1_346' title='bbox 196 3361 283 3421; x_wconf 88' lang='lat' dir='ltr'><strong>potest</strong></span> <span class='ocrx_word' id='word_1_347' title='bbox 310 3359 336 3411; x_wconf 89' lang='lat' dir='ltr'><strong>in</strong></span> <span class='ocrx_word' id='word_1_348' title='bbox 363 3356 530 3423; x_wconf 88' lang='lat' dir='ltr'><strong>particulari,</strong></span> <span class='ocrx_word' id='word_1_349' title='bbox 561 3367 620 3411; x_wconf 90' lang='lat' dir='ltr'><strong>cnm</strong></span> <span class='ocrx_word' id='word_1_350' title='bbox 648 3369 679 3410; x_wconf 88' lang='lat' dir='ltr'><strong>cn</strong></span> <span class='ocrx_word' id='word_1_351' title='bbox 706 3361 737 3413; x_wconf 86' lang='lat' dir='ltr'><strong>ad</strong></span> <span class='ocrx_word' id='word_1_352' title='bbox 762 3371 806 3423; x_wconf 89' lang='lat' dir='ltr'><strong>ea,</strong></span> <span class='ocrx_word' id='word_1_353' title='bbox 830 3369 898 3424; x_wconf 83' lang='lat' dir='ltr'><strong>qnae</strong></span> <span class='ocrx_word' id='word_1_354' title='bbox 920 3357 1070 3422; x_wconf 72' lang='lat' dir='ltr'><strong>mordenter</strong></span> <span class='ocrx_word' id='word_1_355' title='bbox 1090 3355 1169 3421; x_wconf 76' lang='lat' dir='ltr'><strong>liunt,</strong></span> <span class='ocrx_word' id='word_1_356' title='bbox 1193 3358 1273 3410; x_wconf 82' lang='lat' dir='ltr'><strong>lectio</strong></span> <span class='ocrx_word' id='word_1_357' title='bbox 1290 3367 1352 3410; x_wconf 91' lang='lat' dir='ltr'><strong>vero</strong></span> 
     </span>
     <span class='ocr_line' id='line_1_37' title="bbox 54 3437 1353 3511; baseline -0.002 -10"><span class='ocrx_word' id='word_1_358' title='bbox 54 3437 163 3504; x_wconf 71' lang='lat' dir='ltr'><strong>reilittei,</strong></span> <span class='ocrx_word' id='word_1_359' title='bbox 181 3455 249 3509; x_wconf 82' lang='lat' dir='ltr'><strong>qnae</strong></span> <span class='ocrx_word' id='word_1_360' title='bbox 260 3445 433 3500; x_wconf 88' lang='lat' dir='ltr'><strong>communiter</strong></span> <span class='ocrx_word' id='word_1_361' title='bbox 444 3447 607 3510; x_wconf 72' lang='lat' dir='ltr'><strong>contingunt,</strong></span> <span class='ocrx_word' id='word_1_362' title='bbox 627 3456 679 3498; x_wconf 88' lang='lat' dir='ltr'><strong>non</strong></span> <span class='ocrx_word' id='word_1_363' title='bbox 705 3447 767 3502; x_wconf 92' lang='lat' dir='ltr'><strong>llbri</strong></span> <span class='ocrx_word' id='word_1_364' title='bbox 785 3445 909 3511; x_wconf 76' lang='lat' dir='ltr'><strong>prohibiti</strong></span> <span class='ocrx_word' id='word_1_365' title='bbox 927 3443 1086 3510; x_wconf 75' lang='lat' dir='ltr'><strong>frequenter,</strong></span> <span class='ocrx_word' id='word_1_366' title='bbox 1105 3443 1205 3498; x_wconf 85' lang='lat' dir='ltr'><strong>auditio</strong></span> <span class='ocrx_word' id='word_1_367' title='bbox 1217 3455 1279 3498; x_wconf 89' lang='lat' dir='ltr'><strong>vero</strong></span> <span class='ocrx_word' id='word_1_368' title='bbox 1293 3455 1353 3497; x_wconf 93' lang='lat' dir='ltr'><strong>raro</strong></span> 
     </span>
    </p>
   </div>
   <div class='ocr_carea' id='block_1_5' title="bbox 55 3531 1428 3598">
    <p class='ocr_par' dir='ltr' id='par_1_5' title="bbox 55 3531 1428 3598">
     <span class='ocr_line' id='line_1_38' title="bbox 55 3531 1428 3598; baseline 0.007 -20"><span class='ocrx_word' id='word_1_369' title='bbox 55 3533 103 3578; x_wconf 85' lang='lat' dir='ltr'><strong>vero</strong></span> <span class='ocrx_word' id='word_1_370' title='bbox 121 3540 192 3582; x_wconf 86' lang='lat' dir='ltr'><strong>casos</strong></span> <span class='ocrx_word' id='word_1_371' title='bbox 217 3534 399 3598; x_wconf 83' lang='lat' dir='ltr'><strong>particulares.</strong></span> <span class='ocrx_word' id='word_1_372' title='bbox 441 3532 583 3588; x_wconf 83' lang='lat' dir='ltr'><strong>Prohlbttio</strong></span> <span class='ocrx_word' id='word_1_373' title='bbox 610 3531 679 3585; x_wconf 90' lang='lat' dir='ltr'><strong>enim</strong></span> <span class='ocrx_word' id='word_1_374' title='bbox 706 3535 841 3598; x_wconf 73' lang='lat' dir='ltr'><strong>contingit</strong></span> <span class='ocrx_word' id='word_1_375' title='bbox 872 3532 989 3585; x_wconf 80' lang='lat' dir='ltr'><strong>Ecclesia</strong></span> <span class='ocrx_word' id='word_1_376' title='bbox 1000 3531 1081 3597; x_wconf 75' lang='lat' dir='ltr'><strong>lpltnr</strong></span> <span class='ocrx_word' id='word_1_377' title='bbox 1091 3533 1156 3587; x_wconf 87' lang='lat' dir='ltr'><strong>satis</strong></span> <span class='ocrx_word' id='word_1_378' title='bbox 1168 3531 1236 3585; x_wconf 92' lang='lat' dir='ltr'><strong>bono</strong></span> <span class='ocrx_word' id='word_1_379' title='bbox 1249 3531 1353 3596; x_wconf 90' lang='lat' dir='ltr'><strong>publico</strong></span> <span class='ocrx_word' id='word_1_380' title='bbox 1424 3561 1428 3568; x_wconf 90' lang='lat'><strong>·</strong></span> 
     </span>
    </p>
   </div>
   <div class='ocr_carea' id='block_1_6' title="bbox 55 3613 1357 4380">
    <p class='ocr_par' dir='ltr' id='par_1_6' title="bbox 55 3613 1354 3772">
     <span class='ocr_line' id='line_1_39' title="bbox 55 3613 1354 3687; baseline -0.003 -13"><span class='ocrx_word' id='word_1_381' title='bbox 55 3613 92 3674; x_wconf 71' lang='lat' dir='ltr'><strong>til</strong></span> <span class='ocrx_word' id='word_1_382' title='bbox 108 3619 134 3666; x_wconf 92' lang='lat' dir='ltr'><strong>nt</strong></span> <span class='ocrx_word' id='word_1_383' title='bbox 149 3629 199 3672; x_wconf 92' lang='lat' dir='ltr'><strong>non</strong></span> <span class='ocrx_word' id='word_1_384' title='bbox 216 3620 301 3674; x_wconf 86' lang='lat' dir='ltr'><strong>solnm</strong></span> <span class='ocrx_word' id='word_1_385' title='bbox 320 3622 444 3674; x_wconf 85' lang='lat' dir='ltr'><strong>domnum</strong></span> <span class='ocrx_word' id='word_1_386' title='bbox 459 3620 597 3685; x_wconf 86' lang='lat' dir='ltr'><strong>spirituale</strong></span> <span class='ocrx_word' id='word_1_387' title='bbox 615 3619 681 3674; x_wconf 89' lang='lat' dir='ltr'><strong>vite·</strong></span> <span class='ocrx_word' id='word_1_388' title='bbox 705 3620 820 3687; x_wconf 88' lang='lat' dir='ltr'><strong>prorldlt</strong></span> <span class='ocrx_word' id='word_1_389' title='bbox 838 3620 977 3674; x_wconf 88' lang='lat' dir='ltr'><strong>lectionem</strong></span> <span class='ocrx_word' id='word_1_390' title='bbox 995 3619 1170 3686; x_wconf 87' lang='lat' dir='ltr'><strong>prohibendo,</strong></span> <span class='ocrx_word' id='word_1_391' title='bbox 1190 3631 1224 3673; x_wconf 93' lang='lat' dir='ltr'><strong>ne</strong></span> <span class='ocrx_word' id='word_1_392' title='bbox 1243 3618 1290 3673; x_wconf 90' lang='lat' dir='ltr'><strong>aill</strong></span> <span class='ocrx_word' id='word_1_393' title='bbox 1307 3629 1354 3671; x_wconf 89' lang='lat' dir='ltr'><strong>an-</strong></span> 
     </span>
     <span class='ocr_line' id='line_1_40' title="bbox 55 3697 1098 3772; baseline 0.007 -19"><span class='ocrx_word' id='word_1_394' title='bbox 55 3697 98 3762; x_wconf 85' lang='lat' dir='ltr'><strong>ior,</strong></span> <span class='ocrx_word' id='word_1_395' title='bbox 121 3703 162 3756; x_wconf 86' lang='lat' dir='ltr'><strong>sed</strong></span> <span class='ocrx_word' id='word_1_396' title='bbox 186 3706 265 3758; x_wconf 89' lang='lat' dir='ltr'><strong>etiam</strong></span> <span class='ocrx_word' id='word_1_397' title='bbox 293 3719 326 3760; x_wconf 91' lang='lat' dir='ltr'><strong>ne</strong></span> <span class='ocrx_word' id='word_1_398' title='bbox 353 3720 417 3760; x_wconf 86' lang='lat' dir='ltr'><strong>anso</strong></span> <span class='ocrx_word' id='word_1_399' title='bbox 441 3708 517 3762; x_wconf 91' lang='lat' dir='ltr'><strong>detur</strong></span> <span class='ocrx_word' id='word_1_400' title='bbox 541 3705 681 3760; x_wconf 82' lang='lat' dir='ltr'><strong>haereticis</strong></span> <span class='ocrx_word' id='word_1_401' title='bbox 706 3711 786 3763; x_wconf 84' lang='lat' dir='ltr'><strong>olent</strong></span> <span class='ocrx_word' id='word_1_402' title='bbox 821 3710 862 3763; x_wconf 87' lang='lat' dir='ltr'><strong>lta</strong></span> <span class='ocrx_word' id='word_1_403' title='bbox 879 3709 1011 3772; x_wconf 79' lang='lat' dir='ltr'><strong>ltertopo</strong></span> <span class='ocrx_word' id='word_1_404' title='bbox 1030 3705 1098 3761; x_wconf 84' lang='lat' dir='ltr'><strong>ibid.</strong></span> 
     </span>
    </p>

    <p class='ocr_par' dir='ltr' id='par_1_7' title="bbox 56 3787 769 3859">
     <span class='ocr_line' id='line_1_41' title="bbox 56 3787 769 3859; baseline 0.013 -24"><span class='ocrx_word' id='word_1_405' title='bbox 56 3787 76 3834; x_wconf 86' lang='lat' dir='ltr'><strong>et</strong></span> <span class='ocrx_word' id='word_1_406' title='bbox 94 3787 146 3840; x_wconf 86' lang='lat' dir='ltr'><strong>eliis</strong></span> <span class='ocrx_word' id='word_1_407' title='bbox 167 3789 290 3856; x_wconf 87' lang='lat' dir='ltr'><strong>improbis</strong></span> <span class='ocrx_word' id='word_1_408' title='bbox 312 3794 495 3859; x_wconf 83' lang='lat' dir='ltr'><strong>scriptoribus,</strong></span> <span class='ocrx_word' id='word_1_409' title='bbox 520 3792 681 3858; x_wconf 86' lang='lat' dir='ltr'><strong>perniciosas</strong></span> <span class='ocrx_word' id='word_1_410' title='bbox 765 3835 769 3844; x_wconf 92' lang='grc'><em>,</em></span> 
     </span>
    </p>

    <p class='ocr_par' dir='ltr' id='par_1_8' title="bbox 57 3867 1165 3948">
     <span class='ocr_line' id='line_1_42' title="bbox 57 3867 1165 3948; baseline 0.006 -24"><span class='ocrx_word' id='word_1_411' title='bbox 57 3867 164 3930; x_wconf 75' lang='lat' dir='ltr'><strong>leoninas</strong></span> <span class='ocrx_word' id='word_1_412' title='bbox 180 3881 335 3945; x_wconf 75' lang='lat' dir='ltr'><strong>evulgandi,</strong></span> <span class='ocrx_word' id='word_1_413' title='bbox 359 3885 387 3934; x_wconf 88' lang='lat' dir='ltr'><strong>et</strong></span> <span class='ocrx_word' id='word_1_414' title='bbox 407 3881 446 3936; x_wconf 89' lang='lat' dir='ltr'><strong>sic</strong></span> <span class='ocrx_word' id='word_1_415' title='bbox 467 3881 508 3935; x_wconf 93' lang='lat' dir='ltr'><strong>illi</strong></span> <span class='ocrx_word' id='word_1_416' title='bbox 526 3881 677 3944; x_wconf 88' lang='lat' dir='ltr'><strong>puniantur.</strong></span> <span class='ocrx_word' id='word_1_417' title='bbox 895 3873 1045 3948; x_wconf 77' lang='lat' dir='ltr'>CASUS</span> <span class='ocrx_word' id='word_1_418' title='bbox 1067 3875 1165 3944; x_wconf 80' lang='lat' dir='ltr'><strong>XIV,</strong></span> 
     </span>
    </p>

    <p class='ocr_par' dir='ltr' id='par_1_9' title="bbox 57 3956 679 4025">
     <span class='ocr_line' id='line_1_43' title="bbox 57 3956 679 4025; baseline 0.023 -14"><span class='ocrx_word' id='word_1_419' title='bbox 57 3956 144 4024; x_wconf 80' lang='lat' dir='ltr'><strong>insuper</strong></span> <span class='ocrx_word' id='word_1_420' title='bbox 160 3962 217 4018; x_wconf 85' lang='lat' dir='ltr'><strong>linis</strong></span> <span class='ocrx_word' id='word_1_421' title='bbox 235 3967 261 4020; x_wconf 88' lang='lat' dir='ltr'><strong>le</strong></span> <span class='ocrx_word' id='word_1_422' title='bbox 280 3970 302 4022; x_wconf 87' lang='lat' dir='ltr'><strong>is</strong></span> <span class='ocrx_word' id='word_1_423' title='bbox 324 3972 364 4022; x_wconf 84' lang='lat' dir='ltr'><strong>est</strong></span> <span class='ocrx_word' id='word_1_424' title='bbox 381 3981 516 4024; x_wconf 89' lang='lat' dir='ltr'><strong>removere</strong></span> <span class='ocrx_word' id='word_1_425' title='bbox 534 3971 679 4025; x_wconf 83' lang='lat' dir='ltr'><strong>hallucine-</strong></span> 
     </span>
    </p>

    <p class='ocr_par' dir='ltr' id='par_1_10' title="bbox 57 3981 1357 4380">
     <span class='ocr_line' id='line_1_44' title="bbox 57 3981 1227 4120; baseline 0.003 -17"><span class='ocrx_word' id='word_1_426' title='bbox 57 4041 118 4098; x_wconf 82' lang='lat' dir='ltr'><strong>iouis</strong></span> <span class='ocrx_word' id='word_1_427' title='bbox 134 3981 288 4118; x_wconf 59' lang='lat' dir='ltr'><strong>pericnlnnI</strong></span> <span class='ocrx_word' id='word_1_428' title='bbox 312 4055 380 4120; x_wconf 82' lang='lat' dir='ltr'><strong>qnod</strong></span> <span class='ocrx_word' id='word_1_429' title='bbox 399 4055 560 4120; x_wconf 89' lang='lat' dir='ltr'><strong>immineret,</strong></span> <span class='ocrx_word' id='word_1_430' title='bbox 585 4057 609 4110; x_wconf 88' lang='lat' dir='ltr'><strong>si</strong></span> <span class='ocrx_word' id='word_1_431' title='bbox 626 4057 680 4110; x_wconf 88' lang='lat' dir='ltr'><strong>cul·</strong></span> <span class='ocrx_word' id='word_1_432' title='bbox 833 4020 1035 4075; x_wconf 63' lang='lat' dir='ltr'><strong>D¹SPEN⁸AT¹⁰</strong></span> <span class='ocrx_word' id='word_1_433' title='bbox 1054 4019 1142 4073; x_wconf 53' lang='grc' dir='ltr'><strong>ΜΒ</strong></span> <span class='ocrx_word' id='word_1_434' title='bbox 1162 4014 1227 4080; x_wconf 57' lang='lat'>(¹⁰³⁸</span> 
     </span>
     <span class='ocr_line' id='line_1_45' title="bbox 57 4135 1354 4208; baseline -0.001 -16"><span class='ocrx_word' id='word_1_435' title='bbox 57 4135 197 4196; x_wconf 68' lang='lat' dir='ltr'><strong>utilitato</strong></span> <span class='ocrx_word' id='word_1_436' title='bbox 209 4140 249 4193; x_wconf 85' lang='lat' dir='ltr'><strong>ias</strong></span> <span class='ocrx_word' id='word_1_437' title='bbox 267 4145 337 4195; x_wconf 85' lang='lat' dir='ltr'><strong>esset</strong></span> <span class='ocrx_word' id='word_1_438' title='bbox 347 4141 474 4208; x_wconf 79' lang='lat' dir='ltr'><strong>indicare,</strong></span> <span class='ocrx_word' id='word_1_439' title='bbox 494 4144 597 4198; x_wconf 91' lang='lat' dir='ltr'><strong>nullum</strong></span> <span class='ocrx_word' id='word_1_440' title='bbox 609 4143 680 4197; x_wconf 88' lang='lat' dir='ltr'><strong>dam·</strong></span> <span class='ocrx_word' id='word_1_441' title='bbox 759 4143 911 4198; x_wconf 82' lang='lat' dir='ltr'><strong>Niconins</strong></span> <span class='ocrx_word' id='word_1_442' title='bbox 932 4145 1062 4197; x_wconf 78' lang='lat' dir='ltr'><strong>memor</strong></span> <span class='ocrx_word' id='word_1_443' title='bbox 1082 4153 1098 4194; x_wconf 90' lang='lat' dir='ltr'><strong>a</strong></span> <span class='ocrx_word' id='word_1_444' title='bbox 1119 4138 1272 4195; x_wconf 80' lang='lat' dir='ltr'><strong>l’olldoro</strong></span> <span class='ocrx_word' id='word_1_445' title='bbox 1293 4150 1354 4192; x_wconf 90' lang='lat' dir='ltr'><strong>con·</strong></span> 
     </span>
     <span class='ocr_line' id='line_1_46' title="bbox 58 4221 1355 4296; baseline 0.005 -25"><span class='ocrx_word' id='word_1_446' title='bbox 58 4225 105 4270; x_wconf 86' lang='lat' dir='ltr'><strong>vum</strong></span> <span class='ocrx_word' id='word_1_447' title='bbox 123 4221 169 4276; x_wconf 85' lang='lat' dir='ltr'><strong>sibi</strong></span> <span class='ocrx_word' id='word_1_448' title='bbox 192 4226 414 4283; x_wconf 78' lang='lat' dir='ltr'><strong>reformidandum</strong></span> <span class='ocrx_word' id='word_1_449' title='bbox 438 4242 504 4283; x_wconf 90' lang='lat' dir='ltr'><strong>esse.</strong></span> <span class='ocrx_word' id='word_1_450' title='bbox 539 4231 605 4296; x_wconf 79' lang='lat' dir='ltr'><strong>lirpo</strong></span> <span class='ocrx_word' id='word_1_451' title='bbox 623 4231 681 4284; x_wconf 83' lang='lat' dir='ltr'><strong>Na·</strong></span> <span class='ocrx_word' id='word_1_452' title='bbox 707 4230 818 4285; x_wconf 85' lang='lat' dir='ltr'><strong>tessarlo</strong></span> <span class='ocrx_word' id='word_1_453' title='bbox 844 4230 968 4295; x_wconf 80' lang='lat' dir='ltr'><strong>requirit,</strong></span> <span class='ocrx_word' id='word_1_454' title='bbox 997 4231 1084 4282; x_wconf 91' lang='lat' dir='ltr'><strong>ntrnm</strong></span> <span class='ocrx_word' id='word_1_455' title='bbox 1109 4227 1158 4280; x_wconf 90' lang='lat' dir='ltr'><strong>slbl</strong></span> <span class='ocrx_word' id='word_1_456' title='bbox 1182 4226 1261 4280; x_wconf 89' lang='lat' dir='ltr'><strong>liceat</strong></span> <span class='ocrx_word' id='word_1_457' title='bbox 1284 4225 1355 4279; x_wconf 78' lang='lat' dir='ltr'><strong>vesci</strong></span> 
     </span>
     <span class='ocr_line' id='line_1_47' title="bbox 58 4305 1357 4380; baseline 0.007 -26"><span class='ocrx_word' id='word_1_458' title='bbox 58 4305 145 4360; x_wconf 81' lang='lat' dir='ltr'><strong>varios</strong></span> <span class='ocrx_word' id='word_1_459' title='bbox 169 4313 281 4376; x_wconf 72' lang='lat' dir='ltr'><strong>multer</strong></span> <span class='ocrx_word' id='word_1_460' title='bbox 306 4317 404 4370; x_wconf 88' lang='lat' dir='ltr'><strong>erravit</strong></span> <span class='ocrx_word' id='word_1_461' title='bbox 434 4316 621 4380; x_wconf 81' lang='lat' dir='ltr'><strong>existimando,</strong></span> <span class='ocrx_word' id='word_1_462' title='bbox 653 4329 681 4370; x_wconf 90' lang='lat' dir='ltr'><strong>se</strong></span> <span class='ocrx_word' id='word_1_463' title='bbox 707 4316 830 4372; x_wconf 86' lang='lat' dir='ltr'><strong>carnibus</strong></span> <span class='ocrx_word' id='word_1_464' title='bbox 846 4318 874 4371; x_wconf 93' lang='lat' dir='ltr'><strong>ln</strong></span> <span class='ocrx_word' id='word_1_465' title='bbox 898 4317 1035 4370; x_wconf 76' lang='lat' dir='ltr'><strong>iuuenibus</strong></span> <span class='ocrx_word' id='word_1_466' title='bbox 1055 4315 1132 4368; x_wconf 88' lang='lat' dir='ltr'><strong>toties</strong></span> <span class='ocrx_word' id='word_1_467' title='bbox 1148 4311 1281 4377; x_wconf 86' lang='lat' dir='ltr'><strong>repetitis,</strong></span> <span class='ocrx_word' id='word_1_468' title='bbox 1300 4315 1357 4364; x_wconf 87' lang='lat' dir='ltr'><strong>turn</strong></span> 
     </span>
    </p>
   </div>
   <div class='ocr_carea' id='block_1_7' title="bbox 59 4387 1356 4641">
    <p class='ocr_par' dir='ltr' id='par_1_11' title="bbox 59 4387 1356 4641">
     <span class='ocr_line' id='line_1_48' title="bbox 59 4387 1356 4470; baseline 0.008 -31"><span class='ocrx_word' id='word_1_469' title='bbox 59 4387 79 4438; x_wconf 88' lang='lat' dir='ltr'><strong>in</strong></span> <span class='ocrx_word' id='word_1_470' title='bbox 93 4403 119 4444; x_wconf 86' lang='lat' dir='ltr'><strong>eo</strong></span> <span class='ocrx_word' id='word_1_471' title='bbox 135 4407 193 4451; x_wconf 83' lang='lat' dir='ltr'><strong>casn</strong></span> <span class='ocrx_word' id='word_1_472' title='bbox 210 4412 226 4453; x_wconf 87' lang='lat' dir='ltr'><strong>a</strong></span> <span class='ocrx_word' id='word_1_473' title='bbox 244 4403 302 4468; x_wconf 71' lang='lat' dir='ltr'><strong>lege</strong></span> <span class='ocrx_word' id='word_1_474' title='bbox 314 4407 464 4470; x_wconf 85' lang='lat' dir='ltr'><strong>exemptum</strong></span> <span class='ocrx_word' id='word_1_475' title='bbox 483 4416 549 4459; x_wconf 86' lang='lat' dir='ltr'><strong>esse.</strong></span> <span class='ocrx_word' id='word_1_476' title='bbox 586 4405 682 4459; x_wconf 86' lang='lat' dir='ltr'><strong>llnlcus</strong></span> <span class='ocrx_word' id='word_1_477' title='bbox 707 4409 813 4470; x_wconf 90' lang='lat' dir='ltr'><strong>propter</strong></span> <span class='ocrx_word' id='word_1_478' title='bbox 830 4403 939 4457; x_wconf 90' lang='lat' dir='ltr'><strong>nimiam</strong></span> <span class='ocrx_word' id='word_1_479' title='bbox 958 4400 1172 4466; x_wconf 71' lang='lat' dir='ltr'><strong>deladsationem</strong></span> <span class='ocrx_word' id='word_1_480' title='bbox 1189 4403 1216 4452; x_wconf 90' lang='lat' dir='ltr'><strong>et</strong></span> <span class='ocrx_word' id='word_1_481' title='bbox 1227 4397 1356 4452; x_wconf 86' lang='lat' dir='ltr'><strong>stomachi</strong></span> 
     </span>
     <span class='ocr_line' id='line_1_49' title="bbox 60 4478 1356 4558; baseline -0.005 -15"><span class='ocrx_word' id='word_1_482' title='bbox 60 4478 204 4542; x_wconf 69' lang='lat' dir='ltr'><strong>exiiliendns</strong></span> <span class='ocrx_word' id='word_1_483' title='bbox 228 4493 268 4542; x_wconf 89' lang='lat' dir='ltr'><strong>est</strong></span> <span class='ocrx_word' id='word_1_484' title='bbox 294 4505 383 4555; x_wconf 88' lang='lat' dir='ltr'><strong>casus,</strong></span> <span class='ocrx_word' id='word_1_485' title='bbox 411 4493 440 4546; x_wconf 88' lang='lat' dir='ltr'><strong>in</strong></span> <span class='ocrx_word' id='word_1_486' title='bbox 463 4505 516 4558; x_wconf 82' lang='lat' dir='ltr'><strong>qno</strong></span> <span class='ocrx_word' id='word_1_487' title='bbox 538 4493 682 4546; x_wconf 85' lang='lat' dir='ltr'><strong>necessitas</strong></span> <span class='ocrx_word' id='word_1_488' title='bbox 708 4490 884 4552; x_wconf 85' lang='lat' dir='ltr'><strong>dehlrrtotem,</strong></span> <span class='ocrx_word' id='word_1_489' title='bbox 907 4492 964 4542; x_wconf 90' lang='lat' dir='ltr'><strong>tum</strong></span> <span class='ocrx_word' id='word_1_490' title='bbox 981 4487 1061 4541; x_wconf 91' lang='lat' dir='ltr'><strong>etlam</strong></span> <span class='ocrx_word' id='word_1_491' title='bbox 1078 4489 1185 4553; x_wconf 89' lang='lat' dir='ltr'><strong>propter</strong></span> <span class='ocrx_word' id='word_1_492' title='bbox 1205 4487 1356 4550; x_wconf 86' lang='lat' dir='ltr'><strong>provectam</strong></span> 
     </span>
     <span class='ocr_line' id='line_1_50' title="bbox 60 4563 1354 4641; baseline -0.01 -9"><span class='ocrx_word' id='word_1_493' title='bbox 60 4563 128 4632; x_wconf 67' lang='lat' dir='ltr'><strong>illibi</strong></span> <span class='ocrx_word' id='word_1_494' title='bbox 148 4571 179 4624; x_wconf 82' lang='lat' dir='ltr'><strong>tit</strong></span> <span class='ocrx_word' id='word_1_495' title='bbox 202 4583 309 4641; x_wconf 90' lang='lat' dir='ltr'><strong>repente</strong></span> <span class='ocrx_word' id='word_1_496' title='bbox 335 4583 391 4633; x_wconf 89' lang='lat' dir='ltr'><strong>orta</strong></span> <span class='ocrx_word' id='word_1_497' title='bbox 418 4578 452 4632; x_wconf 91' lang='lat' dir='ltr'><strong>ad</strong></span> <span class='ocrx_word' id='word_1_498' title='bbox 480 4578 506 4632; x_wconf 92' lang='lat' dir='ltr'><strong>ld</strong></span> <span class='ocrx_word' id='word_1_499' title='bbox 532 4579 682 4632; x_wconf 90' lang='lat' dir='ltr'><strong>laciendum</strong></span> <span class='ocrx_word' id='word_1_500' title='bbox 706 4577 760 4641; x_wconf 84' lang='lat' dir='ltr'><strong>lam</strong></span> <span class='ocrx_word' id='word_1_501' title='bbox 783 4579 909 4640; x_wconf 68' lang='lat' dir='ltr'><strong>nemum,</strong></span> <span class='ocrx_word' id='word_1_502' title='bbox 934 4573 1071 4638; x_wconf 69' lang='lat' dir='ltr'><strong>sexennio</strong></span> <span class='ocrx_word' id='word_1_503' title='bbox 1093 4571 1196 4626; x_wconf 85' lang='lat' dir='ltr'><strong>scilieet</strong></span> <span class='ocrx_word' id='word_1_504' title='bbox 1218 4580 1354 4623; x_wconf 91' lang='lat' dir='ltr'><strong>annornm.</strong></span> 
     </span>
    </p>
   </div>
   <div class='ocr_carea' id='block_1_8' title="bbox 61 4655 1354 4804">
    <p class='ocr_par' dir='ltr' id='par_1_12' title="bbox 61 4655 1354 4804">
     <span class='ocr_line' id='line_1_51' title="bbox 61 4655 1354 4728; baseline -0.01 -11"><span class='ocrx_word' id='word_1_505' title='bbox 61 4660 144 4716; x_wconf 68' lang='lat' dir='ltr'><strong>omem</strong></span> <span class='ocrx_word' id='word_1_506' title='bbox 162 4671 209 4714; x_wconf 90' lang='lat' dir='ltr'><strong>nec</strong></span> <span class='ocrx_word' id='word_1_507' title='bbox 230 4664 307 4719; x_wconf 83' lang='lat' dir='ltr'><strong>troile</strong></span> <span class='ocrx_word' id='word_1_508' title='bbox 330 4666 363 4718; x_wconf 92' lang='lat' dir='ltr'><strong>ad</strong></span> <span class='ocrx_word' id='word_1_509' title='bbox 386 4665 539 4720; x_wconf 85' lang='lat' dir='ltr'><strong>Pontidcem</strong></span> <span class='ocrx_word' id='word_1_510' title='bbox 560 4677 681 4720; x_wconf 88' lang='lat' dir='ltr'><strong>recursus</strong></span> <span class='ocrx_word' id='word_1_511' title='bbox 709 4667 792 4728; x_wconf 74' lang='lat' dir='ltr'><strong>negat</strong></span> <span class='ocrx_word' id='word_1_512' title='bbox 810 4662 889 4715; x_wconf 90' lang='lat' dir='ltr'><strong>licere</strong></span> <span class='ocrx_word' id='word_1_513' title='bbox 907 4660 1090 4715; x_wconf 77' lang='lat' dir='ltr'><strong>confessarius.</strong></span> <span class='ocrx_word' id='word_1_514' title='bbox 1110 4681 1144 4694; x_wconf 94' lang='lat'><strong>·-</strong></span> <span class='ocrx_word' id='word_1_515' title='bbox 1163 4655 1254 4721; x_wconf 80' lang='lat' dir='ltr'><strong>„Velis</strong></span> <span class='ocrx_word' id='word_1_516' title='bbox 1267 4655 1354 4716; x_wconf 80' lang='lat' dir='ltr'><strong>igitur,</strong></span> 
     </span>
     <span class='ocr_line' id='line_1_52' title="bbox 100 4740 1147 4804; baseline -0.021 0"><span class='ocrx_word' id='word_1_517' title='bbox 100 4744 161 4804; x_wconf 66' lang='lat'>⁰¹¹7,</span> <span class='ocrx_word' id='word_1_518' title='bbox 174 4753 242 4797; x_wconf 63' lang='lat' dir='ltr'><strong>Cetus</strong></span> <span class='ocrx_word' id='word_1_519' title='bbox 256 4759 419 4802; x_wconf 81' lang='lat' dir='ltr'><strong>eonscientiae.</strong></span> <span class='ocrx_word' id='word_1_520' title='bbox 1127 4740 1147 4802; x_wconf 87' lang='lat'><strong>3</strong></span> 
     </span>
    </p>
   </div>
   <div class='ocr_carea' id='block_1_9' title="bbox 0 0 1570 4981">
    <p class='ocr_par' dir='ltr' id='par_1_13' title="bbox 0 0 1570 4981">
     <span class='ocr_line' id='line_1_53' title="bbox 0 0 1570 4981; baseline 0 0"><span class='ocrx_word' id='word_1_521' title='bbox 0 0 1570 4981; x_wconf 95' lang='lat' dir='ltr'><strong> </strong></span> 
     </span>
    </p>
   </div>
  </div>
 </body>
</html>
