3168 4998
202 171 255 226 lit
687 170 729 224 bii
744 169 866 224 inluuie
882 169 922 225 lta
936 167 1044 226 ebalo.

202 318 280 367 teum
306 312 356 365 luit
376 321 472 366 cauae
490 305 601 372 emeca
619 306 793 362 damnationis
811 309 850 361 ia·
878 308 955 362 betur
971 309 1127 364 veronica
1148 309 1262 374 ancilia,
1285 315 1319 364 ui
1343 311 1431 367 lintea
1448 316 1532 369 omnia

203 400 278 460 muli,
300 398 347 451 sed
365 407 446 450 mera
464 395 582 449 occatio
594 405 642 448 eeu
660 406 755 449 cauae
767 405 850 448 occe·
878 395 1000 450 dominae
1020 395 1134 450 larialoe
1155 396 1245 450 unitim
1265 396 1299 452 ad
1324 411 1360 452 ca
1385 403 1532 456 amurailas

202 485 330 542 aioauite
352 484 395 536 voi
418 491 514 535 cauae
537 484 657 534 renate
694 481 773 534 Porio
796 492 850 534 uon
877 481 1063 546 abstergenda,
1093 483 1245 538 mundanda
1268 490 1355 550 atque
1381 486 1530 542 redolenda.

202 577 308 627 tenetur
328 569 386 636 quis
404 567 437 621 ad
460 566 549 620 damni
571 566 775 631 reparationem,
799 567 850 620 nlsl
878 567 1018 632 baldredo
1030 568 1120 622 dolosa
1137 569 1254 624 immiti
1279 571 1410 635 Simulat,
1430 576 1532 628 seada·

203 657 320 725 eiusdem
346 665 442 710 cauae
470 665 541 708 vere
566 657 597 706 et
621 651 731 718 emtam
760 653 847 706 luerit.
877 655 986 707 messim
1004 654 1242 720 obtemperatum
1265 669 1336 711 esse.
1376 659 1431 713 sed
1450 660 1532 714 missis

202 739 732 800 'loiaenimlamulldamnlilcatioerrorl
745 739 851 793 testium
878 739 965 795 linteis
987 739 1015 793 in
1039 741 1153 794 vicinam
1174 743 1324 806 civitatem,
1354 746 1383 797 ln
1408 757 1461 811 qua
1482 751 1532 800 iam

203 837 231 886 et
252 828 349 895 iudicis
376 826 529 892 imputanda
555 832 607 880 est:
639 826 686 878 sed
712 825 850 880 ludiiax
878 831 997 882 amurate
1010 830 1037 881 et
1048 828 1187 892 exquisite,
1201 829 1447 895 uuami’arialis,
1462 845 1532 888 mun·

203 919 280 982 buius
298 915 393 970 erroris
410 926 515 968 canaam
533 925 585 968 nou
597 914 685 978 posuit
701 913 849 978 eldcacem;
878 913 973 967 tantm
989 917 1017 966 et
1027 913 1190 977 reliciuniur,
1208 914 1260 968 albl
1274 924 1370 972 uruat
1381 921 1530 983 pecuniam,

203 1015 265 1070 ergo
283 1016 337 1057 non
356 1006 460 1056 tenetur
476 1012 505 1054 ac
523 999 632 1065 prodere
645 1000 790 1078 adrmalnm
802 999 850 1052 bu·
877 1011 954 1065 uuam
985 999 1134 1063 expendere
1163 999 1318 1065 debuisset,
1352 1003 1381 1056 ai
1411 1007 1532 1060 mandato

198 1090 313 1157 immadi
346 1075 558 1155 praecavendum
589 1089 632 1141 ael
662 1085 846 1150 reparandum.
877 1084 1060 1140 Gordianae
1079 1086 1292 1152 obtemperasset.

201 1179 299 1243 Excipe
317 1187 419 1240 casum,
444 1175 471 1229 in
490 1186 540 1241 qno
558 1173 698 1228 ludllax
717 1172 849 1226 infelicem
927 1167 996 1224 Hrrc

201 1269 326 1319 euentum
352 1261 525 1329 praevidisset
553 1264 580 1313 et
607 1259 736 1322 eiusmodi
763 1263 850 1313 essent
875 1256 995 1327 Quaer.
1008 1255 1090 1313 Μ
1116 1261 1283 1315 veronica
1305 1263 1422 1326 injurie
1445 1265 1530 1327 conii

115 1409 118 1414 ,
200 1351 426 1413 circumstantiae,
452 1352 481 1400 ut
503 1346 617 1400 damulus
639 1344 849 1408 probabilissime
1049 1348 1078 1400 ei
1099 1349 1235 1400 naeniae
1253 1345 1296 1400 od
1312 1350 1528 1403 reatituitoeeaa

201 1438 362 1492 accusandus
384 1439 412 1488 et
430 1432 593 1487 damnandas
616 1439 685 1484 esaei
702 1425 755 1496 (¹),
780 1430 848 1496 quod
1049 1443 1120 1497 erpa
1132 1430 1351 1487 Gordianum
1365 1433 1529 1490 domim

201 1525 308 1578 euenire
326 1521 499 1588 communiter
516 1531 567 1571 non
585 1519 661 1572 solet.
997 1513 1081 1573 2⁰Ae
1103 1521 1181 1572 aetia
1204 1521 1256 1580 ait,
1286 1521 1316 1576 ai
1338 1521 1424 1576 dane
1446 1534 1526 1584 peca-

252 1606 313 1664 568.
338 1634 371 1646 -
396 1609 425 1661 ll.
445 1603 488 1660 od
508 1601 547 1656 2¹
566 1606 667 1666 donea.
703 1606 847 1670 elopodiae.
1049 1605 1131 1659 uiam
1150 1605 1331 1670 paupertina
1354 1604 1528 1662 matrinas?

202 1696 325 1763 sequitur
342 1705 376 1748 aa
392 1691 477 1747 dictis.
514 1690 664 1749 Audliaa,
676 1691 745 1744 enlm
770 1703 849 1744 causa
1004 1686 1035 1741 3⁸
1048 1687 1122 1752 Ouid
1132 1693 1161 1744 at
1176 1687 1314 1746 domim
1331 1695 1458 1748 reetiiui
1472 1705 1526 1748 aba

200 1794 253 1836 non
267 1781 317 1835 iuli
328 1780 491 1844 damnorum,
505 1790 572 1843 quae
584 1778 684 1831 bmulo
694 1781 847 1841 evenerunt,
1046 1778 1158 1840 poetic,
1191 1780 1262 1842 mein
1291 1781 1363 1844 ipae
1394 1778 1528 1834 adeum

200 1869 248 1922 sed
270 1868 343 1922 solus
361 1865 457 1931 indicis
481 1877 564 1926 ernon
590 1876 652 1928 ergo
674 1875 707 1916 ea
723 1864 849 1917 resarcire
1048 1867 1078 1916 et
1094 1861 1235 1920 damnum
1252 1867 1471 1932 ledesmaaiac
1486 1877 1525 1920 ae·

200 1967 252 2010 non
271 1955 358 2008 debet.
393 1957 514 2009 Attamen
533 1964 566 2005 ex
584 1951 693 2004 cariuie
715 1953 849 2003 teneretur
1047 1953 1173 2013 pemati

200 2044 367 2096 innocentem
385 2035 567 2103 agraaiaslma
587 2049 671 2102 poena
685 2037 806 2099 liberare,
825 2035 847 2088 sl
1002 2031 1034 2088 4⁰
1048 2034 1123 2098 ouid
1141 2040 1330 2095 veronicae
1342 2037 1523 2096 modalium

199 2129 280 2182 iaelle
297 2122 337 2189 (²)
354 2130 456 2192 posset,
480 2125 542 2191 quin
564 2137 593 2177 se
611 2125 697 2189 ipsum
713 2123 845 2188 proderet.
1044 2134 1100 2188 pro
1117 2123 1236 2189 tutaret

252 2215 283 2270 li.
303 2210 346 2268 ud
360 2212 398 2266 3„
418 2213 517 2274 oueea.
557 2210 706 2266 Generatim
728 2211 755 2264 ln
774 2213 848 2263 tanta
1131 2206 1270 2264 Soluilo.
1378 2230 1381 2234 ·

200 2301 357 2356 dificultate
378 2309 469 2362 parum
492 2297 635 2360 proderunt
657 2297 767 2351 consilia
785 2310 846 2350 con·
926 2292 987 2350 nte.
1007 2321 1041 2332 -
1059 2299 1089 2351 li.
1107 2295 1151 2352 ed
1170 2299 1207 2350 1ΙΙΙ
1227 2301 1331 2361 decet.
1371 2299 1521 2355 veronica

199 2387 313 2443 leaaarll.
354 2387 449 2439 verum
472 2386 495 2437 sl
520 2384 575 2449 ipse
599 2385 642 2438 vel
669 2385 738 2436 allas
762 2383 847 2438 virum
875 2383 973 2434 lamala
995 2381 1090 2446 injuste
1113 2385 1168 2448 egit
1190 2387 1216 2438 et
1238 2391 1346 2440 tenetur
1368 2387 1402 2440 ad
1421 2389 1520 2440 reatitu-

199 2479 332 2541 potentem
351 2473 424 2525 adire
441 2474 543 2537 posset,
562 2472 615 2536 qul,
634 2482 662 2524 re
679 2470 729 2524 sub
746 2475 846 2524 secreto
875 2470 973 2522 tionem
997 2479 1059 2533 erga
1082 2470 1225 2524 dominam.
1262 2473 1359 2528 ilabull
1387 2475 1457 2528 euim
1480 2483 1520 2538 pe·

199 2561 318 2628 cognita,
341 2559 410 2623 apud
434 2557 579 2622 principem
602 2568 681 2620 agere
703 2558 804 2611 valeret
821 2563 847 2611 et
874 2554 979 2608 cuniam
996 2554 1031 2607 ad
1047 2555 1127 2610 duem
1145 2559 1364 2624 determinatum,
1389 2572 1444 2615 non
1464 2569 1520 2612 reru

199 2648 310 2714 gratiam
339 2645 488 2699 innocentis
514 2643 607 2696 lamuil
636 2641 768 2708 obtinere,
798 2642 847 2696 boc
875 2643 907 2695 ad
926 2641 1016 2696 allum.
1053 2645 1081 2697 Si
1099 2643 1180 2707 luitur
1196 2646 1316 2709 pepercit
1332 2647 1463 2712 pecuniae
1478 2644 1518 2696 do·

198 2737 304 2790 omnino
321 2733 484 2787 suadendum
502 2735 581 2784 essel.
874 2729 977 2794 minae,
996 2729 1023 2782 ln
1041 2731 1158 2784 latorem
1176 2731 1259 2794 ipsius
1276 2733 1403 2787 dominae
1419 2741 1518 2797 parcere

874 2815 972 2870 debuit.
1009 2817 1154 2870 liercedem
1171 2829 1313 2882 confflem
1330 2833 1381 2884 pro
1398 2818 1517 2873 lammam

385 2863 536 2935 CASUS
558 2863 658 2930 vm·
873 2903 967 2968 recipit
978 2915 1027 2958 nec
1039 2904 1074 2958 ad
1086 2904 1158 2957 allud
1169 2904 1212 2967 lus
1224 2904 1320 2960 babere
1333 2910 1430 2970 potest
1459 2905 1517 2957 dau

232 2985 380 3040 iillliiiNd
405 2981 590 3038 SINGULARIS
615 2981 653 3034 ΕΤ
680 2976 812 3035 FUULA
874 2989 988 3042 lammae
1005 3001 1116 3055 parcens
1134 2991 1263 3054 manniae
1282 2993 1389 3048 domino
1406 2992 1493 3058 parcit.

218 3082 222 3092 ·
459 3069 583 3124 soiius.
925 3076 956 3130 ll.
981 3074 1023 3130 ad
1045 3073 1083 3127 2¹¹¹
1109 3079 1212 3139 oauea.
1250 3079 1306 3134 Non
1330 3081 1398 3135 satia
1420 3080 1471 3138 est,
1495 3075 1515 3126 si

251 3165 424 3228 Gordiane,
444 3167 563 3218 matrona
576 3161 704 3216 ditissima
717 3163 846 3215 eibuma·
874 3161 1032 3228 pauperibus
1055 3163 1189 3230 restituat,
1215 3165 1266 3218 nlsl
1287 3167 1422 3221 licentiam
1444 3173 1515 3228 pene-

198 3263 292 3305 narum
313 3264 399 3306 rernm
417 3251 620 3314 sindioslaelma,
643 3249 671 3302 in
692 3248 847 3315 quibusdam
873 3251 956 3304 raiem
992 3250 1173 3313 eleemosynas
1209 3251 1335 3316 erogandi
1372 3247 1513 3305 obtinuerit.

198 3338 291 3392 itallae
300 3337 417 3401 partibus
427 3337 534 3403 degens,
545 3334 703 3402 propositum
712 3335 847 3400 singulare
874 3335 983 3400 Etenim,
996 3336 1019 3388 al
1032 3335 1153 3390 dominae
1164 3339 1303 3392 maluere
1313 3351 1366 3392 non
1378 3339 1510 3392 tenemini,

198 3421 339 3477 admodum
357 3424 436 3488 cepit,
455 3436 489 3477 ne
507 3422 602 3487 dicam,
622 3423 705 3486 ipsam
717 3422 846 3486 singulari
874 3422 1289 3486 pecuniamparcimoulaieuaaibi
1300 3427 1414 3480 relinere
1422 3423 1509 3488 piasti

198 3509 331 3562 dementia
343 3513 447 3573 captam
459 3519 526 3562 ease.
551 3509 616 3562 Ecce
632 3519 689 3560 rem
699 3508 846 3562 mirandam
873 3512 1003 3574 lamperes
1028 3515 1229 3574 repraesentant
1256 3511 1362 3578 quidem
1389 3508 1510 3564 dominum

197 3596 274 3648 muel
313 3594 390 3648 liulia
408 3596 564 3650 vestimenta
585 3607 671 3660 neque
692 3596 846 3650 linteamina
873 3596 1047 3661 incomitum,
1074 3608 1127 3652 uon
1152 3609 1214 3651 vero
1240 3599 1399 3664 cognitum,¹
1414 3593 1461 3648 nlal
1484 3592 1509 3643 in

197 3679 231 3734 ad
250 3689 326 3734 naum
342 3681 475 3745 proprium
494 3684 552 3736 vuit
569 3681 708 3748 adbibere,
728 3683 780 3734 nisi
797 3681 845 3734 Pa·
870 3695 930 3736 raro
947 3695 1024 3748 amu,
1049 3684 1076 3737 lu
1095 3695 1146 3750 pua
1170 3685 1300 3738 matliutlo
1323 3685 1374 3749 lpsl
1391 3683 1445 3736 llari
1459 3687 1508 3732 non

197 3767 268 3820 rlaila
279 3767 361 3821 aiiaia
380 3766 486 3821 luerint.
524 3770 588 3833 imo,
607 3769 665 3835 puis
677 3769 783 3823 credail
799 3770 844 3822 iu·
872 3773 965 3834 potest

197 3870 327 3880 ···-··
922 3854 983 3911 otii.
1004 3883 1039 3896 -·
1056 3860 1085 3912 lt.
1107 3855 1150 3912 ud
1164 3855 1202 3907 1¹²
1219 3861 1323 3922 oauea.
1340 3855 1449 3911 blidtlic
1462 3852 1506 3911 eal,

196 3937 230 4004 (¹)
242 3938 262 3992 i.
276 3951 304 4022 e.¹
316 3940 340 4024 ai
357 3940 481 4022 damnum
495 3941 563 4022 Titii
573 3952 626 3994 non
643 3954 677 3995 ex
694 3953 782 3996 errore
800 3943 843 3995 rel
870 3945 900 3995 ut
917 3943 1009 3997 modus
1026 3945 1184 3998 restituendi
1202 3951 1305 3998 secreto
1322 3957 1374 3999 uon
1385 3937 1502 4006 aupoeili

242 4011 344 4132 11111ῑέ11
367 4011 492 4132 effudi,
518 4011 628 4130 redeoque
651 4022 698 4132 lter
721 4011 844 4133 ῑΰθὶἱΰθῑῖξ
870 4032 949 4086 Porro
968 4031 995 4084 ln
1018 4043 1081 4084 casu
1097 4031 1210 4096 pecnnia
1231 4031 1279 4084 iiia
1301 4033 1351 4095 plis
1371 4028 1453 4084 maala
1468 4021 1505 4078 ati

242 4091 366 4203 {tili
383 4091 718 4212 ,iioddllill'
734 4085 843 4214 lille
870 4118 1029 4183 ,opem
1046 4118 1179 4183 cronno
1197 4123 1276 4172 esse

242 4220 421 4283 utplurimum
431 4231 465 4271 ex
478 4218 524 4270 iaii
535 4219 639 4271 actione
651 4189 725 4284 sepul
737 4221 841 4282 deberi,
921 4206 952 4259 R·
981 4203 1024 4258 ad
1047 4203 1085 4255 4¹¹²
1112 4206 1214 4267 dutiti-
1256 4205 1405 4258 Velitum
1428 4193 1506 4263 W

188 4315 189 4327 κ
240 4299 266 4342 v.
288 4301 312 4352 g.
337 4291 359 4342 sl
379 4287 510 4352 malitae
529 4300 559 4340 ee
582 4288 698 4341 reatibus
717 4291 784 4342 lilii
802 4289 842 4342 in·
869 4291 1025 4354 simpliciter
1047 4291 1227 4356 obtemperare
1251 4296 1278 4346 et
1301 4294 1383 4346 lintea
1403 4281 1502 4341 Parisios

241 4357 341 4412 ‘misse‘
358 4366 407 4412 “⁰-
431 4383 465 4394 “
489 4358 527 4412 ci.
547 4357 693 4422 leffium»
717 4356 840 4422 ΜΝ·
870 4379 984 4432 mittere.
1027 4379 1083 4433 lion
1113 4382 1201 4434 tamen
1230 4377 1264 4431 ad
1290 4373 1457 4430 obediendam
1479 4366 1502 4417 ln

240 4427 345 4492 ellare
355 4429 374 4482 i.
388 4429 416 4480 2.
428 4440 453 4480 c.
467 4429 495 4480 il.
507 4425 597 4482 dubit.
611 4431 660 4482 id.
672 4455 705 4466 —
715 4427 843 4482 decreta

241 4497 260 4550 Ι.
283 4501 311 4550 3.
330 4511 358 4561 p.
380 4497 409 4549 2.
424 4509 452 4550 ti.
474 4499 544 4549 ite.
561 4503 588 4550 ei
606 4509 664 4562 tea.
684 4523 718 4534 -
738 4499 765 4548 S.
781 4496 839 4559 lep.
1363 4551 1368 4563 ,

240 4579 269 4620 aa.
291 4569 363 4620 eae.
384 4565 428 4626 (li.
449 4564 528 4627 edit.)
869 4550 957 4603 cuium
970 4551 1140 4604 etinaanum.
1171 4553 1222 4606 sed
1240 4552 1263 4604 sl
1275 4561 1401 4617 pecuniae
1413 4541 1500 4611 partib

193 4631 228 4702 (²)
242 4635 280 4690 ci.
296 4639 391 4700 comp.
405 4636 436 4691 Ρ.
450 4635 472 4690 i.
485 4647 514 4689 aa.
530 4635 602 4688 220.
617 4635 689 4688 221.
703 4635 748 4695 (b.
763 4632 842 4694 edit.)
870 4637 919 4700 ipsi
938 4638 1060 4704 dominae
1077 4639 1170 4701 parcit.

870 4465 918 4516 boc
940 4465 1059 4518 absolute
1081 4469 1198 4530 leuetur,
1224 4465 1286 4531 qula
1308 4472 1350 4518 eat
1370 4459 1429 4529 quid
1448 4449 1502 4508 ridi·
