3220 5000
193 188 247 245 314
771 193 810 247 ιιΕ
828 189 936 246 curisti.
993 227 996 234 ·

194 331 306 383 termino
324 326 463 394 (daiam
480 327 520 382 du
539 325 664 393 protei),
691 329 774 394 potuit
793 329 841 382 hoc
869 327 1018 382 Aurelius
1043 325 1085 380 die
1108 325 1193 390 prima
1218 323 1372 378 Novembris
1400 322 1428 374 in
1451 321 1514 374 resto

97 469 101 478 ,
194 415 271 469 ιιιοιο
295 414 413 478 elicere,
437 419 467 468 ut
489 413 602 480 pecnnia
624 417 743 468 mutuala
765 416 842 469 lenus
868 415 984 468 omnium
1001 415 1171 474 sanctoruni,
1195 423 1243 465 sen
1261 409 1363 463 daohus
1382 407 1515 462 mensibus

196 501 353 566 produceret
371 513 385 554 a
409 502 450 553 die
473 501 564 555 mutui.
600 504 720 562 Attamen
739 501 844 556 ridetur
868 507 1007 567 antequam
1026 500 1124 566 primus
1143 509 1227 550 annus
1244 496 1369 562 compleri
1393 493 1515 562 potuerit.

194 589 264 642 circa
282 588 331 640 hoc
353 599 410 640 esse
432 587 559 652 quaedam
582 587 737 652 difficultas,
763 587 842 654 sipul-
869 588 999 642 Haeredes
1017 586 1074 652 eius
1091 587 1236 639 reclamant
1254 597 1269 636 a
1284 581 1442 639 ianuario
1461 591 1516 644 par·
1585 615 1586 620 η

196 675 265 738 dent,
285 685 344 727 cnut
357 673 446 727 ienora
459 671 589 738 durantur
606 685 663 728 esse
675 686 737 739 pars
755 673 842 739 sortis,
869 677 921 728 lent
948 673 1080 740 pensionis
1103 684 1156 736 pro
1180 675 1250 724 rato
1273 669 1399 735 temporis
1426 665 1515 732 elapsi.

195 760 326 826 sequitur,
356 759 423 826 quod
449 762 539 825 elapso
561 761 673 814 termino
700 761 844 828 producent
869 761 920 815 sed
938 759 1017 814 surdo
1036 761 1146 812 canunt:
1165 769 1227 810 nam
1244 756 1422 812 ianuarias
1434 751 1518 807 rentii

196 846 301 913 remora,
326 847 389 902 iicet
412 859 458 912 pro
480 857 549 900 anno
571 847 672 912 integro
694 859 746 901 uon
764 847 843 901 deite-
869 841 1104 909 oeosum'solrere‚
1125 845 1184 911 poia
1200 843 1243 909 lus
1261 843 1293 896 ad
1313 853 1423 894 censum
1447 839 1518 892 eiia-

196 938 282 987 aulur.
338 933 509 998 impediretur
540 931 606 986 illud
640 931 840 998 incommodum,
868 933 964 986 litium
980 931 1199 996 estpotestate,
1219 941 1267 983 nec
1284 925 1519 992 proludcadhae

196 1021 219 1073 si
248 1021 276 1074 in
311 1020 484 1085 chirographo
517 1023 618 1073 tantum
655 1020 845 1084 exprimeretur
869 1020 944 1073 redes
963 1020 1064 1073 transii.

196 1117 252 1160 sors
269 1117 330 1159 tere
342 1109 531 1159 mutuandum
549 1105 710 1171 obligatione
722 1117 755 1159 ex
768 1112 843 1171 parte
920 1101 952 1157 2⁰
968 1107 1114 1170 Leontio,
1134 1103 1230 1158 molier
1246 1101 1419 1168 septuaginta
1439 1108 1519 1154 anuos

195 1191 359 1254 mutationi,
382 1191 504 1245 solvendi
527 1191 619 1245 leuora
641 1205 657 1245 a
680 1191 722 1244 dic
747 1191 840 1245 notul.
869 1193 929 1244 nain
955 1193 982 1243 et
1003 1192 1156 1246 valetudiue
1179 1190 1318 1244 admodum
1342 1187 1464 1248 infirma,
1489 1185 1518 1239 ti·

194 1275 246 1330 Sed
272 1277 364 1330 modus
391 1277 439 1331 iile
465 1278 492 1330 iu
520 1278 675 1331 commercio
703 1280 842 1332 inusitatus
869 1289 956 1342 utens,
987 1291 1020 1331 ue
1050 1278 1180 1333 modicum
1210 1278 1356 1342 peculium,
1395 1279 1519 1327 constans

195 1362 368 1418 diliioilioreru
381 1362 503 1417 redderet
517 1363 746 1428 chirographorum
760 1369 843 1418 trans·
869 1369 981 1430 quatuor
1008 1365 1126 1419 rniilihus
1155 1365 1204 1430 in,
1239 1363 1368 1429 paulatini
1405 1359 1517 1420 dedolat,

194 1449 354 1505 missionem.
391 1451 474 1512 Quare
501 1448 632 1503 dchltoras
658 1453 843 1515 praesumendi
869 1453 933 1506 iilud
959 1453 1028 1506 cedit
1046 1455 1153 1507 Annae
1175 1451 1208 1503 ad
1233 1461 1339 1502 censum
1362 1446 1515 1506 vitalitium,
1585 1459 1586 1464 ¹

192 1535 318 1590 ridentur
351 1533 465 1590 libenter
497 1535 562 1590 illud
597 1536 685 1590 suhlre
719 1537 842 1591 damnum
870 1536 903 1591 12
921 1551 968 1604 pro
986 1543 1090 1592 centum
1109 1538 1248 1605 quotannis
1266 1539 1418 1599 acceptura.
1437 1536 1519 1586 anua
1585 1549 1586 1612 p

195 1623 229 1675 ad
241 1622 395 1676 facilitatem
408 1623 598 1688 operationum,
618 1625 771 1702 praesertim
784 1636 842 1678 euru
868 1623 1044 1679 libentissime
1067 1625 1211 1679 contractui
1238 1624 1368 1678 consentit
1388 1620 1519 1686 judicant,
1585 1649 1586 1708 ἦ

82 1747 83 1758 t
195 1709 319 1761 damnum
349 1709 417 1763 illud
447 1707 531 1762 vitare
564 1711 680 1774 possint,
716 1710 843 1764 solvendo
868 1712 983 1765 vetulam
1002 1723 1062 1764 mor
1080 1722 1137 1764 esse
1155 1706 1443 1766 ritaeoaiedicturaut.
1469 1704 1517 1758 sed
1585 1717 1586 1762 i

195 1797 313 1858 tempore
333 1799 432 1848 statuto
455 1802 501 1848 ant
523 1805 621 1850 norom
643 1795 842 1862 chirographum
869 1797 966 1860 creuit,
985 1799 1015 1849 ut
1030 1797 1165 1851 Leontio
1188 1795 1221 1850 ad
1243 1799 1348 1850 centum
1371 1805 1459 1848 anuos
1482 1789 1518 1844 oi·
1585 1789 1586 1792 ’

195 1880 253 1934 ioco
270 1879 363 1944 prioris
380 1879 577 1935 subscribendo.
869 1889 922 1938 tam
951 1883 1118 1949 produceret,
1154 1884 1215 1937 dum
1245 1885 1330 1937 duna
1360 1879 1466 1934 virihus
1493 1881 1517 1928 et
1585 1901 1586 1906 κ

249 1963 325 2018 1003.
346 1991 381 2003 -
398 1967 429 2022 il.
448 1963 492 2020 od
507 1964 545 2018 ΞΝ
565 1969 667 2030 donec.
695 1967 840 2034 diepoiiue,
870 1975 955 2024 aetate
983 1971 1123 2024 durescens
1151 1971 1242 2034 elapso
1269 1967 1313 2022 tir
1341 1967 1429 2032 primo
1452 1973 1517 2015 auno

196 2052 257 2118 poia
274 2053 311 2106 iia
333 2051 499 2118 procedendo
517 2053 676 2118 vulpinus
700 2055 763 2109 lecit
784 2067 843 2120 pro·
870 2061 1039 2112 mortuaest.

196 2138 329 2192 ductivum
343 2138 378 2204 (a
390 2139 562 2205 capitolino)
581 2154 597 2195 a
614 2140 658 2194 die
671 2142 753 2195 mutui
767 2142 842 2195 ianus
919 2137 989 2194 iimo

196 2224 310 2279 noudum
324 2221 610 2290 oehitum10‚000lt.;
625 2227 677 2281 imo
687 2227 750 2281 lecit
762 2230 840 2282 etiam
868 2227 986 2298 Quaer.
1001 2225 1029 2280 1ο
1041 2230 1081 2284 itt
1091 2227 1330 2282 lanceariositt
1339 2225 1437 2290 primo
1450 2229 1518 2276 coss

194 2311 375 2376 productivum
400 2313 475 2366 lenus
497 2313 570 2366 iilius
593 2313 699 2368 fenoris.
740 2315 840 2369 iitenim
1041 2326 1161 2369 censum
1179 2314 1292 2368 coicere
1310 2309 1431 2365 tkdeoil

196 2397 358 2464 differentia,
386 2397 460 2462 cuins
487 2399 563 2452 lenus
587 2400 714 2466 erigitur,
741 2406 843 2454 constat
991 2398 1074 2456 n⁰aa
1092 2396 1518 2463 aitjttttaecoatroetatsirter

195 2478 225 2534 1·
242 2495 344 2540 summa
366 2482 419 2538 300
441 2487 489 2550 ir..
515 2498 582 2552 qaae
604 2491 645 2540 est
665 2487 743 2541 renos
764 2489 843 2541 sortis
1042 2487 1224 2542 Leontium
1243 2489 1417 2542 ctionem
1436 2484 1465 2536 itt
1478 2491 1516 2534 te·

195 2575 329 2626 mutuatae
357 2579 384 2624 ei
406 2584 474 2638 quae
498 2572 557 2627 hcte
581 2573 670 2627 addita
693 2573 743 2628 luit
766 2573 839 2636 sorti,
1039 2571 1137 2628 cundo
1155 2575 1248 2627 corui

195 2659 258 2712 iicet
276 2670 327 2711 non
345 2663 480 2723 mutuata3
505 2654 536 2712 ιιο
552 2669 655 2715 samma
672 2659 689 2713 9
707 2661 754 2725 ir,
773 2672 841 2726 quae
1123 2653 1260 2710 Salutio.

121 2730 128 2736 “
194 2747 235 2797 est
252 2745 328 2797 lenas
346 2743 422 2798 istius
439 2755 557 2798 sommae
574 2743 629 2800 300
646 2747 678 2800 ir.
921 2745 998 2802 1005.
1026 2773 1059 2784 -
1082 2748 1113 2803 il.
1140 2743 1183 2799 od
1206 2743 1242 2795 1²¹
1268 2745 1370 2806 dones.
1411 2740 1517 2804 deponi

151 2859 155 2864 -
247 2827 322 2883 1004.
352 2855 385 2866 —
412 2832 443 2885 il.
473 2829 515 2884 od
538 2830 577 2885 iim
606 2834 708 2894 ouoea.
752 2835 842 2896 depa-
869 2834 951 2900 alipui
970 2833 1055 2888 iuulri
1073 2831 1101 2884 in
1118 2828 1413 2886 rationeaianaarlo
1427 2825 1513 2882 alian,

194 2915 264 2978 tiae,
284 2917 346 2984 quia
368 2917 442 2970 nnita
460 2916 603 2982 praecessit
625 2918 764 2984 promissio
786 2929 842 2971 ruu-
868 2921 971 2974 scilicet
982 2930 1090 2973 censum
1103 2930 1161 2971 esse
1173 2917 1357 2982 personalem
1370 2916 1397 2967 et
1411 2909 1517 2980 proinde

194 3003 298 3066 tutudi,
334 3015 368 3057 ex
396 3016 449 3069 poa
478 3003 597 3059 debuerit
626 3005 785 3070 tutptnus
814 3005 842 3058 iu
869 3020 921 3061 uon
940 3007 1051 3060 transire
1069 3005 1101 3058 ad
1120 3003 1256 3058 haeredes.
1293 3001 1346 3057 Sed
1364 3000 1453 3055 uerius
1475 2992 1517 3058 as·

193 3096 314 3154 prorupta
334 3089 431 3144 hahere
447 3091 573 3155 pecunias
595 3089 647 3144 sihi
665 3102 681 3143 a
700 3088 842 3142 candido
866 3089 1044 3156 firmandum
1064 3094 1111 3145 esi.
1149 3091 1264 3144 Etenim:

194 3178 304 3240 petitas:
340 3175 451 3242 proinde
484 3176 551 3230 nihii
587 3175 660 3230 allud
689 3175 841 3238 intervenit,
921 3175 951 3231 1⁰
976 3180 1074 3234 census
1097 3177 1242 3232 viterimus
1269 3179 1308 3230 cst
1334 3174 1367 3228 ad
1393 3171 1515 3228 alimenta

193 3273 271 3326 (iiim
307 3262 419 3328 simplex
456 3269 590 3326 milium,
630 3262 731 3318 mliii
769 3261 842 3326 cuius
868 3270 895 3321 ει
912 3265 1064 3332 pensionem
1087 3264 1173 3326 uitae;
1198 3275 1258 3316 nam
1280 3261 1421 3329 pecuniam
1444 3265 1514 3310 suam

195 3355 299 3412 praeter
333 3351 495 3404 orationem
528 3351 643 3416 legalem
681 3349 747 3403 nihii
786 3360 841 3402 mn·
867 3355 1001 3407 collocans
1026 3352 1084 3405 ruit
1107 3350 1197 3405 rivere
1223 3350 1256 3402 de
1282 3348 1417 3414 pensione.
1454 3345 1517 3406 ergo

194 3436 280 3489 tuauti
306 3435 428 3502 deheim,
458 3439 561 3492 etiamsi
583 3438 634 3492 iste
660 3439 695 3490 sil
721 3445 841 3490 nummu·
868 3450 980 3505 aequum
998 3443 1050 3502 est,
1071 3441 1101 3491 lli
1117 3437 1210 3502 pensio
1228 3438 1315 3490 cunm
1332 3445 1392 3488 culli
1411 3438 1513 3498 propor-

195 3521 285 3574 iarius.
332 3521 364 3575 itt
394 3523 529 3588 stipulatio
563 3523 625 3576 talis
654 3521 745 3576 salarii
772 3525 842 3575 esset
869 3527 939 3580 noue
963 3523 994 3578 ad
1017 3526 1112 3589 vitatu,
1137 3537 1203 3590 puae
1229 3522 1371 3577 sustentari
1395 3519 1474 3574 dehet
1489 3515 1515 3565 el

194 3610 300 3662 omuino
317 3609 447 3662 usuraria.
867 3615 1029 3666 sustentatur
1051 3624 1066 3664 a
1088 3611 1131 3664 dle
1156 3610 1290 3664 constituti
1313 3620 1417 3662 census.
1452 3604 1527 3680 didi¹

245 3697 275 3750 H·
296 3693 339 3748 iii!
353 3693 389 3746 4¹²
411 3699 511 3758 titides·
549 3697 606 3751 lim
630 3696 732 3751 inutilia
754 3693 842 3750 elidii
868 3699 1018 3755 Aurelius
1041 3696 1155 3750 moriens
1177 3695 1316 3762 atpttisitit
1336 3695 1379 3760 ius
1402 3693 1435 3746 ad
1453 3697 1510 3756 pen·

194 3783 326 3848 quaestio,
354 3795 413 3837 cum
441 3795 474 3836 ex
497 3783 716 3848 praecedentibus
740 3781 841 3835 dachus
867 3773 967 3840 s'ionem
985 3795 1031 3852 pro
1050 3783 1140 3838 decem
1157 3781 1305 3836 mensibus:
1328 3791 1404 3846 porro
1419 3779 1460 3843 ios
1481 3769 1511 3824 tlt

192 3871 368 3924 solotiouihos
385 3875 495 3936 constet,
514 3871 581 3926 iilud
597 3882 651 3924 nott
668 3869 767 3932 deheri,
786 3870 841 3922 eit
867 3885 898 3928 eo
911 3869 1151 3938 tantummodum,
1173 3881 1205 3923 eo
1218 3867 1356 3932 moriente,
1377 3862 1470 3920 transit
1481 3853 1510 3910 td

111 3997 117 4014 ι
193 3958 292 4012 iortiori
306 3970 357 4011 uon
367 3969 443 4023 posse
454 3959 570 4014 fenorum
581 3957 761 4026 productivum
771 3967 838 4010 esse.
869 3959 1008 4024 haeredes3
1027 3969 1089 4022 ergo
1110 3961 1159 4010 etc.

354 4061 359 4070 '
919 4040 950 4098 2⁰
977 4045 1068 4098 Pensio
1096 4041 1226 4097 attolliiu
1252 4053 1280 4094 sc
1307 4041 1387 4093 hahet
1414 4041 1512 4105 prorsas

392 4089 542 4164 CASUS
564 4091 647 4162 ΧΗ·
868 4138 897 4188 ut
920 4133 1012 4199 pensio
1036 4131 1169 4194 assignata
1193 4128 1290 4184 clerico
1317 4137 1364 4192 pro
1387 4115 1512 4179 alimentis

348 4209 386 4263 ⁰3
405 4209 505 4264 CENSU
523 4209 684 4264 VlTfflTffl·
869 4223 896 4274 et
921 4219 1112 4273 sustentatione
1139 4217 1225 4280 titae3
1253 4227 1313 4268 uam
1341 4221 1451 4279 utraque
1475 4205 1511 4256 eii

244 4301 273 4355 1⁰
291 4305 443 4359 Aurelius
462 4303 535 4358 dedit
551 4303 707 4360 ianuario
731 4303 763 4356 ad
782 4315 842 4357 cen·
866 4306 1035 4372 personalis
1064 4304 1097 4357 ad
1127 4301 1345 4357 sustentationem
1376 4303 1402 4354 el
1431 4293 1512 4350 linitur

191 4404 247 4444 sum
277 4391 434 4446 vitalitium
458 4391 532 4444 mille
565 4402 658 4445 aureos
689 4389 731 4444 die
758 4390 842 4456 prima
869 4397 957 4446 morte
971 4390 1140 4458 pensionarii,
1160 4389 1330 4444 nechabetur
1346 4386 1387 4451 ius
1405 4384 1509 4438 adeant

191 4479 323 4542 ianuarii,
353 4479 390 4532 iia
418 4481 447 4532 ul
470 4479 581 4542 primam
605 4477 757 4542 pensionem
784 4489 844 4543 per·
870 4480 921 4534 uisi
949 4478 1039 4541 elapso
1068 4488 1145 4530 anno.
1195 4477 1271 4540 tiqui
1299 4473 1390 4539 pensio
1417 4461 1508 4525 clerici,

191 4573 313 4632 cepturos
331 4573 401 4620 esset
417 4577 487 4620 anuo
503 4567 633 4632 sequenti,
653 4564 842 4620 eodemrecur·
870 4569 972 4619 nrorluo
996 4562 1174 4627 pensionum,
1202 4562 1313 4616 dehetur
1339 4558 1442 4612 haeredi
1467 4557 1509 4616 if⁰

190 4663 265 4713 reule
295 4657 347 4712 dle.
396 4655 446 4709 sed
478 4655 613 4720 inopinato
642 4665 705 4708 casu
734 4652 844 4707 moritur
871 4659 926 4706 rata
944 4649 1069 4712 temporis
1088 4651 1185 4714 elapsi;
1204 4659 1274 4714 ergo.
