3220 5000
205 199 261 258 md
571 201 610 256 D!
628 196 815 255 immitunt
832 197 966 262 bsilspile
982 199 1159 256 SPECIEBUS.

336 340 367 401 3⁰
379 347 420 399 Aa
438 339 571 395 eonditor
588 340 628 393 att
643 341 725 393 estse
741 341 773 392 ιιι
787 347 855 390 eon·
881 338 1104 402 contrahentibus,
1119 339 1199 394 etism
1211 339 1346 407 impetitu,
1365 347 1458 397 maino
1470 355 1526 397 aon·

381 431 515 491 scientio,
536 429 565 483 at
581 431 691 490 emptor
702 427 855 480 contentus
879 435 959 478 ecnsn
977 425 1129 490 praeliorum.

380 515 516 572 sidentur
536 521 565 569 et
587 513 708 568 ilbenter
729 514 853 578 pretium
933 506 993 562 911.
1014 507 1320 592 4100001003ξ
1351 513 1526 570 laislssimnn

380 605 493 660 colobii
850 617 852 625 ,
881 597 1033 662 estaltpii
1052 599 1216 664 principium.
1247 599 1347 654 Etenim
1366 606 1470 656 eertum
1483 607 1525 666 esi,

461 683 599 742 solutio.
881 685 1008 739 exsistere
1021 697 1109 740 rerum
1123 685 1217 740 mercis
1229 687 1340 750 pretium
1352 687 1414 740 sine
1430 688 1527 752 lepule,

257 778 319 835 016.
339 805 373 818 -
390 779 421 832 ιι.
442 773 484 830 oct
499 774 536 827 1²
549 775 651 838 oaoee.
682 767 795 826 Pretium
813 775 854 823 est
881 771 937 826 siue
954 772 1083 836 culpare,
1102 778 1133 826 ut
1149 772 1247 828 dietum
1267 780 1308 828 est
1319 783 1346 830 et
1357 773 1392 827 ab
1412 775 1529 828 omnibns

206 868 278 924 allud
292 865 392 931 leonte,
413 861 480 931 qaod
493 864 552 926 lese
564 860 763 922 determinatur,
781 856 852 910 alind
881 858 1038 922 agnoscitur.
1074 861 1141 924 limo
1160 860 1303 926 iniustitiae
1324 872 1386 914 rens
1411 865 1467 923 cst,
1490 861 1529 926 oui

205 967 269 1010 neec
291 953 423 1017 cuipare,
449 947 519 1013 cuod
544 946 577 1001 ab
602 945 783 1000 aestimatione
807 953 853 1008 po·
882 943 947 998 iliud
970 946 1082 1011 pretium
1105 947 1242 1002 euidenter
1263 948 1368 1002 excedit
1394 947 1528 1000 vendendo

205 1043 262 1109 pail
280 1038 412 1104 repetitur.
450 1035 627 1091 communiter
644 1037 730 1086 autern
742 1042 785 1085 res
797 1041 853 1082 ma·
880 1033 924 1085 nel
946 1043 999 1086 non
1024 1034 1130 1100 attingit
1153 1036 1277 1100 emendo,
1304 1036 1402 1088 saltem
1425 1046 1479 1100 per
1501 1045 1529 1087 ae

206 1131 294 1184 xlmae
311 1121 476 1178 nodositatis
493 1122 526 1174 ad
544 1131 607 1175 usus
630 1121 757 1172 bumanos
775 1119 853 1170 taaae
879 1117 1039 1184 tamensim
1057 1133 1133 1176 secus
1151 1123 1220 1176 enim
1231 1121 1284 1185 tam
1303 1123 1409 1176 nullum
1427 1123 1529 1174 daretur

206 1213 286 1279 lecall
303 1209 484 1275 subjiciuntur.
880 1206 1001 1270 pretium.
1040 1209 1083 1262 sle
1105 1220 1158 1264 nou
1181 1217 1255 1274 potes
1278 1209 1378 1274 absque
1397 1209 1475 1274 gravi
1492 1206 1527 1260 in·

257 1297 372 1352 Pretium
395 1296 516 1358 sulpure
533 1292 629 1356 triplex
649 1291 743 1343 lterum
762 1288 854 1342 distin·
875 1291 978 1355 lustitia
1005 1293 1119 1348 vendere
1146 1296 1238 1359 ignaro
1266 1293 1318 1350 100
1343 1294 1446 1348 frenels
1469 1305 1527 1354 rem,

203 1387 306 1454 miltun.
325 1384 428 1436 scilicet
446 1389 602 1440 sommum,
622 1375 748 1431 meditem
766 1380 794 1428 et
810 1375 854 1428 ia·
880 1391 957 1442 quam
976 1379 1035 1433 allis
1053 1392 1099 1446 pro
1112 1393 1165 1435 uno
1177 1381 1210 1434 ir.
1225 1381 1354 1436 concedis.
1396 1378 1528 1437 contentio

204 1473 312 1538 timum.
350 1471 377 1523 si
399 1467 511 1534 pretium
533 1463 658 1519 obedirem
680 1464 718 1517 rel
742 1461 853 1526 alienius
880 1472 968 1519 autem
990 1465 1060 1520 inter
1082 1467 1226 1520 vendentes
1248 1475 1276 1522 et
1298 1473 1419 1522 ementes
1444 1465 1527 1537 cilicii,

204 1576 230 1614 ιι.
251 1571 277 1624 ς.
296 1558 332 1610 ιιι
348 1553 391 1617 10,
412 1553 524 1620 metium
543 1561 687 1606 commum
709 1550 759 1604 erit
776 1547 808 1600 11
826 1552 855 1601 ct
880 1555 908 1603 ut
927 1551 1112 1618 aequilibrium
1131 1554 1159 1606 lu
1177 1555 1265 1608 medio
1283 1555 1368 1618 pretio
1387 1553 1527 1622 seperatim

204 1645 337 1709 tanmem
354 1639 380 1697 0.
419 1643 557 1696 crescente
575 1643 661 1692 autern
683 1635 777 1691 mercia
794 1647 854 1700 pre·
880 1643 1000 1692 servetur
1021 1639 1062 1692 vei
1086 1641 1165 1693 etlam
1188 1645 1218 1696 ut
1240 1641 1350 1707 pretinm
1374 1653 1425 1706 pro
1443 1640 1528 1704 adiun-

204 1735 256 1795 tlo‚
284 1729 379 1784 crescit
404 1729 485 1782 etlam
512 1727 540 1780 in
566 1725 657 1778 eadem
684 1723 855 1788 proportione
881 1726 928 1778 ctis
947 1725 1075 1784 norietur:
1101 1725 1146 1779 aed
1165 1733 1206 1780 est
1221 1739 1327 1793 semper
1343 1729 1460 1794 pretinm
1477 1737 1528 1780 apr·

205 1817 317 1871 latitudo
341 1815 411 1869 luter
436 1815 549 1879 pretium
573 1821 717 1866 summum
740 1817 766 1864 ei
789 1807 855 1873 inti·
880 1821 940 1864 rens
958 1817 985 1862 et
1002 1813 1151 1866 tenendum.

205 1915 292 1957 mum.
330 1901 358 1953 Si
381 1912 406 1954 r.
431 1913 457 1966 g.
483 1911 538 1963 res,
564 1910 633 1964 puae
657 1898 728 1952 valet
751 1897 856 1951 circiter
932 1891 994 1950 918.
1017 1923 1051 1935 -
1076 1901 1106 1954 ιι.
1127 1898 1171 1954 ad
1190 1897 1228 1952 3¹¹
1254 1901 1356 1963 oms.
1395 1901 1485 1965 deno,
1507 1897 1526 1950 sl

205 1987 241 2044 40
257 1991 301 2054 la,
322 1988 418 2054 poterii
435 1986 515 2041 vendi
532 1983 567 2046 45
585 1987 612 2039 in
629 1993 743 2040 summo
759 1983 853 2048 pretio,
881 1985 992 2051 pretium
1011 1997 1064 2038 non
1083 1986 1235 2041 includatur
1252 1987 1322 2040 mter
1341 1989 1527 2040 summosses

206 2073 280 2130 etilb
292 2077 320 2129 ln
338 2073 447 2137 ιιιιιιιιο.
484 2073 581 2126 ltemm
598 2081 650 2132 res.
670 2069 855 2136 quaerebatis
881 2069 1011 2134 infimum
1030 2071 1164 2150 moraliter
1180 2073 1372 2136 existimatum,
1399 2075 1462 2140 quia
1484 2069 1526 2122 crit

205 2165 247 2215 est
272 2159 324 2214 100
350 2163 383 2215 ιι.
407 2159 524 2220 circiter.
552 2157 699 2212 remanebit
724 2159 803 2212 iacile
826 2159 853 2210 in
881 2159 1015 2224 iniustum.
1052 2159 1079 2212 sl
1098 2166 1200 2223 emptor
1217 2161 1253 2212 sle
1270 2167 1422 2224 contentus,
1441 2161 1488 2213 boc
1502 2155 1526 2206 iit

202 2249 274 2313 tusto
290 2248 375 2312 pretio
394 2259 410 2299 a
427 2243 462 2296 90
481 2247 512 2299 ιτ.
532 2244 565 2297 ad
584 2242 644 2296 110.
882 2259 915 2298 er
933 2255 980 2307 eo,
1003 2243 1071 2312 qnod
1091 2255 1180 2298 verum
1198 2245 1237 2298 rel
1253 2245 1366 2311 pretium
1385 2247 1526 2311 ignoretat

258 2334 332 2386 liatlo
351 2339 448 2397 autem,
468 2331 638 2396 curpretium
656 2329 777 2394 cotom
788 2328 857 2382 bane
881 2345 898 2385 a
915 2331 1051 2385 venditore
1069 2332 1222 2397 decipiatar.

207 2419 303 2473 babeat
322 2418 501 2480 latitudinem,
522 2422 571 2484 cst,
593 2418 654 2484 qula
672 2417 745 2480 vulsi
763 2427 855 2480 appre·
1113 2464 1126 2492 Ἰ

207 2505 281 2558 tiatto
299 2505 434 2559 moraliter
451 2504 594 2570 accipitur3
612 2517 664 2557 non
682 2507 768 2567 potest
785 2503 855 2556 enlm
1098 2465 1248 2536 (oASUS
1270 2465 1313 2532 V·

206 2591 350 2645 consistere
368 2592 396 2645 ln
414 2591 498 2655 gradu
518 2589 686 2654 indivisibili,
709 2589 777 2643 sicut
796 2600 855 2654 pre·
1025 2582 1063 2638 bii
1081 2583 1174 2638 JUSlo
1191 2583 1300 2638 lberto
1317 2577 1382 2644 (Ψ).

207 2678 272 2733 ilum
291 2677 392 2742 repom
935 2673 965 2730 1·
993 2679 1155 2732 llaurlnus
1187 2689 1278 2731 meuse
1306 2675 1448 2730 Novembri
1477 2673 1522 2726 lti-

258 2765 373 2819 l’retlum
385 2769 472 2818 rerum
486 2761 655 2826 repetendum
668 2765 708 2814 ast
720 2774 752 2816 er
764 2771 854 2814 earnm
882 2769 971 2818 menta
989 2765 1069 2818 babet
1086 2764 1203 2827 renatis,
1226 2765 1273 2818 sed
1290 2775 1358 2829 eoae
1376 2761 1524 2816 decurrente

205 2849 324 2906 ublitate
346 2849 380 2904 ad
403 2863 466 2905 usus
491 2851 634 2914 humanos,
660 2861 713 2904 non
736 2859 799 2902 rero
822 2859 856 2900 ex
883 2857 983 2905 tantum
1001 2863 1090 2905 mense
1104 2849 1183 2912 idolo
1200 2851 1315 2905 rendere
1333 2849 1456 2903 intendit.
1491 2841 1521 2898 lid

207 2938 416 2994 consideratione
434 2949 524 2992 earnm
542 2935 649 3002 pbysica
661 2945 709 2990 seu
726 2947 760 2988 er
772 2934 857 3000 nuati-
883 2949 942 2990 eum
965 2939 1040 2993 uenit
1056 2937 1222 2996 liberius.
1247 2948 1278 2989 ea
1301 2947 1390 2989 emere
1412 2933 1520 2999 cupieos.

205 3028 305 3081 tatibus
332 3023 490 3080 intrinsecis.
534 3025 615 3076 secus
641 3021 711 3075 enim
737 3021 858 3074 mnemia
883 3025 1150 3090 ltessatitanrlnos,
1169 3029 1406 3077 scantemenscm
1419 3021 1520 3086 ilatum

206 3118 252 3169 aut
275 3113 384 3168 formica
402 3111 503 3165 nulllus
524 3109 624 3164 ralorls
641 3107 724 3175 piaris
743 3109 855 3170 valeret,
882 3111 1016 3177 quidpiam
1041 3111 1209 3165 acadlmmcn
1232 3121 1302 3176 esse;
1329 3115 1446 3164 ettamen
1468 3115 1522 3160 oon·

205 3211 283 3265 quam
307 3199 428 3253 cumulus
448 3197 582 3252 momenti.
619 3195 684 3250 ilinc
705 3193 790 3261 piaris
811 3195 855 3248 uei
882 3197 963 3251 sentit
985 3197 1019 3250 ad
1040 3197 1171 3251 momenta
1195 3197 1238 3250 ble
1260 3203 1287 3250 et
1302 3207 1374 3250 nnnc
1395 3189 1523 3252 tradente

206 3283 315 3340 minoris
332 3297 374 3340 res
392 3285 524 3340 aestimari
543 3283 652 3347 debent,
675 3289 753 3348 prout
772 3281 855 3348 magis
881 3283 928 3336 sed
951 3293 997 3348 pro
1021 3281 1117 3348 predo,
1143 3283 1211 3348 qaod
1235 3287 1297 3337 tunc
1321 3285 1444 3348 temporis
1466 3285 1521 3332 usut

205 3372 250 3425 uel
267 3373 354 3424 minus
371 3372 492 3425 humanis
508 3371 599 3425 usibus
616 3369 771 3424 inserviunt.
882 3371 957 3423 ieret
998 3369 1160 3432 liberius,
1192 3371 1322 3425 frumento
1352 3381 1401 3435 pro
1431 3363 1521 3423 remilla

259 3456 371 3512 Pretium
390 3459 524 3523 opipare,
542 3469 601 3510 eum
620 3457 654 3510 ab
673 3454 856 3510 aestimatione
882 3467 977 3520 erens,
1009 3455 1075 3510 iliud
1106 3458 1170 3511 emit
1195 3467 1243 3521 pro
1269 3457 1417 3522 butusroodi
1447 3449 1519 3520 pretii

205 3543 296 3609 popuii
313 3544 441 3608 pendeat,
463 3555 515 3596 non
533 3545 618 3598 solum
636 3553 758 3608 magnam
776 3542 856 3594 babet
882 3550 943 3598 tunc
960 3543 1096 3598 solvendo.

205 3629 387 3692 latitudinem,
409 3627 457 3681 sed
479 3629 562 3684 etiam
575 3628 710 3694 perpetuis
730 3625 854 3682 uariatio-
932 3625 963 3682 2⁸
988 3629 1160 3685 Faustinos
1190 3628 1256 3685 emit
1279 3631 1411 3684 dmmenta
1437 3619 1519 3680 andei

206 3715 283 3768 nibus
305 3713 446 3768 obnoxium
470 3720 511 3768 est
531 3727 579 3780 pro
600 3715 681 3771 rarlls
701 3725 789 3768 rerum
809 3711 854 3764 atl-
880 3720 943 3780 pata
959 3715 1099 3779 solutione,
1119 3717 1218 3771 etldeo
1230 3717 1343 3782 pretinm
1356 3717 1444 3770 mines
1456 3709 1518 3778 ltili

204 3801 316 3866 lundis,
344 3800 498 3867 praesertim
520 3813 568 3866 pro
594 3801 685 3867 rualeni
707 3805 854 3865 cmptomm
881 3803 980 3856 tribuit
1016 3803 1116 3856 Deinde
1139 3813 1174 3856 ex
1196 3803 1236 3856 els
1258 3801 1387 3869 quaedam
1411 3796 1453 3855 od
1467 3801 1517 3850 ere·

204 3899 332 3942 concursu
355 3890 402 3941 aut
422 3889 548 3941 mercium
570 3889 729 3954 quantitate,
753 3897 853 3942 necnon
880 3888 973 3943 dttsm
1002 3889 1087 3954 pretio
1116 3901 1235 3955 sommo,
1265 3891 1318 3943 imo
1344 3892 1372 3942 et
1399 3882 1517 3954 praecilli¹

207 3975 322 4029 locorum
341 3973 500 4027 discrimine.
879 3986 959 4041 supra
976 3983 1105 4029 mutinum
1123 3977 1235 4041 pretinm
1253 3977 1353 4029 vendit.

257 4065 378 4116 Attamen
392 4071 436 4115 res
449 4061 577 4127 quaedam
593 4061 767 4114 aestimationi
780 4061 853 4126 vulsi
931 4057 962 4113 il·
985 4061 1154 4118 ciitaadcr
1174 4065 1301 4130 quaedam
1324 4063 1431 4116 minoris
1453 4050 1514 4112 emit

205 4159 258 4202 nou
270 4148 453 4213 subjiciuntur,
467 4148 527 4214 puta
540 4159 598 4202 eam
611 4155 744 4212 superant,
762 4151 854 4213 utpote
878 4161 956 4216 qnam
974 4155 1036 4203 tnnc
1049 4151 1182 4214 valebant,
1202 4153 1263 4218 pnia
1278 4150 1421 4205 rendentes
1438 4145 1516 4207 alipii

204 4234 354 4289 rarissimae
371 4238 400 4288 et
410 4235 507 4288 valoris
524 4234 734 4298 extraordinarii,
753 4236 854 4287 utsont
879 4239 1036 4291 necessitate
1053 4237 1180 4303 compulsi
1199 4250 1231 4291 ea
1249 4237 1354 4290 venalia
1371 4227 1513 4289 umectant

205 4333 334 4388 gemmae,
353 4323 467 4376 tabellae
484 4323 616 4386 pretiosae
633 4328 683 4376 eie.
879 4325 1010 4387 Quaedam
1033 4324 1090 4390 lpse
1112 4325 1196 4391 pluris
1218 4325 1287 4390 lusto
1307 4320 1436 4385 vendidit,
1463 4311 1515 4381 tili

256 4409 327 4463 llaec
347 4413 435 4463 autem
459 4409 535 4473 irata
560 4419 722 4465 communem
748 4411 853 4462 senten·
879 4410 998 4476 videbat,
1025 4415 1153 4477 emptores
1171 4411 1281 4476 speciali
1302 4409 1397 4464 adeam
1415 4413 1472 4470 ersi
1487 4407 1514 4450 ⁸²

206 4495 270 4549 iiam
295 4495 393 4561 iudicio
419 4497 562 4561 peritorum
592 4495 754 4550 aestimanda
780 4499 849 4548 sunt
879 4501 979 4564 teneris
1010 4499 1136 4565 quaedam
1166 4500 1260 4562 etlam,
1294 4497 1356 4563 nuta
1384 4489 1513 4560 specialem

205 4581 378 4637 Probabliiter
388 4584 690 4648 tamcnpatantpmres,
707 4579 853 4645 legitimum
879 4585 1002 4639 mmmm
1026 4595 1090 4651 ema
1112 4599 1144 4640 ea
1168 4589 1225 4652 ipsc
1248 4583 1371 4640 babebat.
1412 4576 1511 4637 landolt

206 4664 852 4734 esseralorem,11eetmnltoriiiorem,abipsis
879 4681 970 4735 arrum
998 4671 1089 4727 domui
1116 4673 1191 4728 litii
1221 4672 1334 4728 ricinum
1364 4670 1415 4736 ipsi
1439 4661 1510 4723 ritis
