3176 4994
464 199 504 252 DE
521 199 814 257 uisentisffloiiitlis
830 199 1026 256 alimonii.
1357 199 1412 257 649

81 345 120 388 ex
142 345 189 399 eo,
213 335 283 402 qnod
305 336 421 400 allegata
443 337 524 392 fucrit
544 339 655 394 infamia
674 339 736 392 inde
762 336 846 391 cando
863 335 962 402 pluries
978 337 1121 393 carnaliter
1141 349 1201 392 cnm
1218 350 1330 401 sponsae
1347 351 1412 393 snae

81 424 209 476 secutura
230 433 277 486 pro
299 435 409 490 mensa,
438 425 490 478 nisi
515 427 611 492 nnbat;
639 427 735 481 etenim
762 425 956 488 consanguinea
985 425 1152 480 insecundo
1175 426 1267 489 mado.
1305 425 1412 479 confes-

81 506 136 559 iila
155 519 236 562 cansa
258 521 311 563 nnn
332 514 373 564 eat
399 510 481 574 falsa,
511 512 558 565 sed
580 524 657 578 uera,
684 524 736 566 non
761 509 847 564 sarius
864 509 1008 575 poenitenti
1026 523 1125 566 morem
1143 511 1232 575 cessit
1268 511 1321 567 sed
1343 513 1410 568 nen!

80 591 192 658 quidem
223 605 258 648 ex
286 595 389 650 incestu
423 599 593 662 proveniens,
629 599 677 653 sed
703 611 736 653 ex
762 597 913 664 priusquam
931 598 1092 664 dispensatio
1102 600 1183 652 Roma
1196 598 1343 661 adueniret,
1361 598 1412 654 lti-

80 680 169 734 nimia
185 679 367 737 familiaritate
384 696 553 750 sponsorum,
571 698 639 752 uuae
656 687 736 751 ionae
761 683 872 738 culfns
894 695 929 738 ex
946 687 1062 739 nomana
1081 683 1227 748 mellitate
1248 683 1335 737 denno
1351 697 1412 739 cum

81 767 192 832 iateque
216 773 259 822 est
281 769 426 836 diuulgata.
463 772 545 837 iirso,
570 771 593 825 si
613 773 736 828 Pontifex
761 771 855 825 eadem
882 772 1081 837 cousanxmnea
1106 782 1221 837 sponsae
1248 771 1338 834 lapsus
1359 777 1410 826 est.

80 855 174 906 motus
191 858 233 908 est
248 851 283 907 ad
295 857 407 921 gratim
420 856 599 922 elargiendam
615 858 650 913 ui
662 859 736 913 iliam
761 857 933 922 Quamobrem
951 858 1054 913 dubitat
1065 858 1161 913 anxius
1172 855 1358 920 confessarius,
1377 869 1413 910 an

17 979 18 984 ,
81 948 203 1003 mosem,
221 952 274 995 non
291 942 489 1008 fundotenus,
509 956 568 998 eum
580 956 736 1000 verecausa
761 946 812 998 iaec
832 955 885 998 non
907 945 1028 1001 obstante
1051 944 1276 1010 dispensationem
1302 953 1411 998 cxsecu

80 1026 213 1080 subsistat
229 1032 257 1082 et
273 1039 365 1092 preces
377 1043 470 1096 reapse
485 1033 596 1085 vertute
607 1032 733 1086 nitantur.
761 1031 828 1085 tioni
845 1032 970 1086 mandare
987 1033 1078 1099 possit.

80 1113 153 1177 iirao
176 1125 263 1181 neque
286 1126 321 1170 ex
341 1117 391 1171 iila
413 1122 489 1182 parte
507 1117 607 1172 caduca
626 1119 667 1172 eat
683 1118 737 1172 dis-
812 1113 844 1170 2·
872 1117 991 1173 flarius
1019 1123 1048 1172 et
1075 1121 1176 1182 Anna,
1214 1116 1411 1183 consanguinei,

80 1197 215 1263 pensatio.
250 1202 317 1266 iiras
347 1203 415 1259 falsc
441 1203 571 1268 indicarit
597 1206 736 1271 perosinus,
762 1204 984 1280 dispensationem
1003 1218 1019 1259 a
1035 1203 1104 1259 sede
1121 1205 1238 1260 Romana
1255 1208 1363 1270 petunt,
1381 1209 1414 1258 nt

81 1285 310 1350 dispensationem
331 1289 406 1344 iliam
432 1303 490 1346 esse
508 1291 689 1360 obreptitiam,
710 1299 737 1347 et
761 1293 957 1346 matrimonium
981 1291 1048 1346 inire
1071 1291 1189 1356 possint,
1213 1293 1240 1344 et
1257 1289 1361 1356 dicunt,
1382 1301 1412 1343 se

80 1371 195 1436 itroinde
211 1375 321 1429 nuliam.
762 1379 892 1434 incestum
920 1377 999 1433 simui
1029 1377 1199 1432 commisisse.
1247 1377 1313 1441 Sed,
1350 1375 1412 1430 datu

137 1457 217 1518 1051.
236 1486 271 1500 -
288 1463 321 1516 ii.
335 1460 425 1516 oliti*
439 1466 542 1526 osnes.
571 1464 736 1532 Dispensatio
760 1465 896 1521 Pontificio
907 1474 1042 1530 responso,
1062 1465 1152 1530 sponsi
1165 1463 1293 1518 incestum
1305 1464 1412 1526 iterant,

80 1547 214 1610 posterior
222 1547 332 1602 minime
343 1551 456 1604 cessavit
468 1563 516 1616 per
524 1555 634 1606 mortem
643 1554 732 1618 prolis.
762 1555 818 1606 tom
839 1555 916 1617 ante,
942 1554 997 1604 tum
1019 1558 1080 1617 pust
1100 1550 1303 1617 dispensationis
1324 1549 1413 1604 fulmi-

78 1633 159 1689 ilatio
176 1639 226 1700 eat,
245 1636 316 1701 onia,
336 1645 397 1689 cnm
415 1636 576 1702 dispensatio
587 1639 641 1704 lam
659 1650 735 1693 exse·
761 1638 904 1692 nationem.
934 1632 964 1690 id
981 1638 1098 1691 resciens
1115 1637 1244 1702 parochus
1266 1637 1358 1699 nescit,
1376 1647 1412 1690 an

79 1721 182 1775 cntioni
204 1722 328 1776 mandata
349 1721 430 1777 fuerit
452 1735 500 1776 seu
521 1739 537 1779 a
559 1712 682 1792 delegato
705 1728 734 1781 s.
760 1724 813 1778 alia
839 1719 1001 1789 dispensatio
1023 1721 1183 1788 postulanda
1211 1721 1253 1775 sit.
1290 1725 1411 1776 Attamen

79 1805 161 1860 sedis
185 1806 332 1861 oratoribus
349 1809 496 1876 applicata,
520 1825 552 1866 eo
574 1813 631 1878 ipso
651 1812 734 1879 impe·
760 1822 808 1876 pro
825 1810 881 1875 eins
899 1811 991 1865 valore
1007 1811 1159 1876 praesumit,
1179 1814 1206 1862 et
1216 1808 1411 1864 matrimonium

81 1891 230 1946 dimentnm
260 1894 393 1948 sublatum
423 1901 477 1952 est:
508 1909 598 1965 porro,
627 1899 734 1954 subiato
760 1897 901 1952 benedicit.

79 1977 285 2044 impedimento,
320 1981 395 2036 nulla
430 1982 591 2050 dispensatio
620 1985 733 2050 amplius
811 1978 881 2035 Huc

79 2067 231 2120 neccssaria
248 2071 288 2120 eet
300 2069 328 2120 ct
343 2068 412 2124 niiril
428 2069 556 2137 subsistit,
575 2083 626 2140 ono
643 2072 733 2127 matri·
760 2067 880 2138 Quaen.
891 2065 974 2126 Pila
991 2069 1093 2124 coeat
1107 2065 1289 2133 dispensatio
1305 2069 1337 2122 ia
1350 2067 1412 2132 pri·

79 2152 200 2206 munium
217 2152 385 2219 impediatur.
932 2167 979 2210 mo
996 2167 1082 2216 cusu,
1102 2165 1162 2209 sos
1178 2153 1314 2209 adstante
1325 2163 1410 2218 copa-

134 2234 212 2290 10δῖΙ
241 2265 275 2276 -
296 2241 328 2294 it.
348 2239 391 2295 od
405 2238 443 2292 δ’·
467 2246 568 2306 oaucs.
605 2246 636 2298 in
651 2245 732 2310 liupo·
932 2244 981 2296 tue
997 2243 1185 2307 repetitiones

80 2322 152 2374 tiresl
168 2329 286 2378 cessaret
306 2325 480 2393 dispensatio,
503 2332 531 2381 et
551 2327 661 2392 proinde
678 2330 733 2383 aila
889 2323 973 2383 Μ
998 2327 1102 2383 noddo
1126 2332 1212 2390 esset,
1239 2329 1268 2380 st
1286 2327 1409 2382 liicol·

80 2406 239 2472 requirenda
267 2413 344 2463 esset
380 2413 455 2467 Ratio
482 2417 535 2477 eat,
564 2415 627 2481 qnia
653 2428 732 2470 causa
931 2412 992 2476 sua
1010 2410 1106 2468 denuo
1122 2417 1279 2476 peccasset
1294 2409 1409 2477 despes-

81 2493 253 2557 dispensandi
276 2495 331 2560 iam
358 2509 411 2552 non
435 2500 549 2564 amplius
578 2501 733 2556 subsisteret
933 2501 1048 2555 sunone
1058 2498 1127 2562 jum
1143 2497 1323 2562 fulminato?

81 2583 124 2640 et,
153 2582 257 2646 quando
283 2582 421 2648 delegatus
450 2585 562 2649 aradam
586 2587 732 2642 emtoribus
888 2581 972 2642 3·Aa
992 2582 1207 2648 condoluerit
1227 2581 1409 2648 domestico

81 2666 239 2733 applicaret,
266 2669 321 2732 iam
343 2681 434 2734 preces
457 2683 511 2726 non
533 2674 646 2739 amplius
664 2675 732 2729 ueri·
931 2672 1037 2727 lium
1062 2675 1091 2726 et
1117 2671 1249 2729 innoc.
1273 2671 1343 2724 iicet
1364 2671 1408 2724 ia-

80 2757 136 2805 tate
153 2753 307 2808 niterentur.
345 2757 424 2810 i’orru
445 2757 543 2812 veriiss
565 2772 661 2815 causae
678 2773 731 2816 non
930 2758 1405 2819 cestumioferocertattumoate,

80 2841 167 2894 solum
183 2842 312 2897 exsistere
324 2843 403 2898 debet
414 2850 542 2911 tempore,
562 2857 613 2913 qno
626 2847 730 2913 dispen·
931 2851 994 2900 tum
1007 2848 1078 2910 post
1089 2843 1282 2909 fulminatum
1294 2840 1408 2909 dispes-

80 2927 148 2980 satio
159 2930 313 2984 conceditur
323 2942 340 2983 a
351 2929 485 2996 Pontifce,
503 2933 551 2986 sed
562 2942 731 2998 perseverare
931 2932 1094 2986 suuoscmt

80 3014 172 3080 dedet,
192 3016 336 3084 usquedum
355 3031 371 3071 a
388 3019 568 3074 commissario
585 3032 633 3074 sen
651 3033 668 3074 a
685 3022 730 3078 de·
887 3014 918 3071 l·
929 3019 970 3074 la
982 3030 1120 3074 recursus
1135 3016 1237 3076 tuden
1248 3013 1352 3070 dedicas
1367 3013 1410 3069 od

80 3103 169 3166 legato
187 3105 343 3170 applicetur,
365 3105 429 3172 qnia
444 3110 507 3161 tunc
524 3109 628 3173 proprie
646 3112 731 3173 uratia
929 3107 958 3158 S.
993 3105 1253 3162 Poenfteotturtum
1280 3112 1334 3166 pro
1364 3101 1407 3157 ia·

80 3189 242 3244 conceditur.
266 3217 301 3228 -
323 3193 350 3244 S.
374 3191 435 3257 liu.
463 3206 492 3246 ιι.
521 3196 614 3248 fftt.
639 3219 672 3230 —
704 3197 727 3251 ν.
929 3196 1011 3246 cestu
1028 3191 1157 3256 occulto,
1176 3189 1245 3245 dum
1260 3191 1369 3254 petitor
1386 3201 1407 3242 o

80 3276 176 3338 comp.
198 3287 227 3330 ιι.
250 3279 323 3331 808.
342 3278 370 3337 o.
391 3272 433 3332 ι’.
448 3274 488 3342 (¹)
929 3279 1059 3333 Boionio
1071 3289 1127 3343 pro
1139 3274 1343 3341 impedimento
1352 3287 1406 3341 ps-

929 3365 1018 3420 diicot

281 3441 431 3514 OASUS
453 3445 533 3517 Vn.
1010 3448 1148 3506 solutio.
1209 3455 1212 3462 '

808 3537 887 3596 106³.
907 3569 940 3580 -
959 3545 989 3598 fl.
1010 3539 1053 3595 ud
1069 3539 1107 3591 1¹²
1127 3540 1228 3601 ouues.
1259 3534 1334 3586 ialet
1351 3531 1405 3585 dis-

116 3586 315 3641 Dlsmsfflo
333 3588 391 3641 ¹³⁸⁰
409 3589 540 3644 mm
559 3591 688 3648 cmm·
756 3629 884 3693 pensatio,
903 3639 954 3681 nen
971 3630 1091 3682 obeunte
1108 3625 1218 3691 copulae
1237 3621 1404 3686 repetltioue.

135 3703 164 3760 1·
184 3708 349 3773 iticulfos‚
374 3709 484 3773 cupiens
506 3711 574 3766 inire
596 3713 729 3766 mairlmo·
754 3715 829 3770 iiatlo
850 3723 904 3779 eat,
929 3713 991 3780 qula
1012 3712 1178 3775 iliculfns,
1202 3707 1322 3763 iterando
1343 3717 1404 3772 pec·

81 3793 154 3847 ΒΜ
163 3807 222 3849 ‘⁰¹¹¹
232 3794 367 3850 fllium
382 3796 436 3860 itm
446 3795 547 3862 iridem
556 3798 608 3851 siti
617 3798 729 3864 despon·
755 3807 843 3856 catum
860 3812 920 3854 cum
938 3800 1031 3853 eadem
1048 3797 1254 3860 consanguinea,
1273 3805 1326 3846 non
1342 3803 1404 3846 con·

79 3885 146 3944 sata,
166 3893 181 3934 a
199 3883 359 3937 confessario
372 3885 446 3948 petit,
466 3889 496 3938 nt
507 3886 728 3950 dispensationem
756 3889 835 3942 traxit
863 3888 961 3952 duplex
984 3886 1215 3952 impedimentum
1243 3880 1355 3945 etenim,
1380 3879 1403 3932 sl

81 3980 97 4019 a
125 3969 152 4021 S.
183 3969 386 4024 Poenitentiarla
414 3972 536 4037 impetret
561 3974 595 4026 de
620 3973 729 4039 impedi·
754 3974 1074 4040 docleapeccaveritcnm
1087 3971 1179 4025 eadem
1190 3967 1310 4032 muliere,
1329 3968 1402 4020 anw-

81 4057 167 4108 mento
185 4055 335 4123 affinitatis,
354 4059 383 4111 ln
401 4058 470 4125 pund
488 4060 645 4124 incurrerat,
668 4074 728 4127 pee-
754 4073 831 4129 ouam
857 4061 1081 4126 dispensationem
1107 4058 1193 4122 palat,
1221 4066 1274 4109 non
1299 4058 1403 4109 tenetur

84 4177 213 4188 ---
754 4160 891 4204 numerum
908 4152 1074 4216 peccatorum
1097 4143 1125 4198 in
1146 4141 1337 4209 supplicatione
1355 4149 1402 4192 ex·

82 4243 122 4310 ‹¹›
137 4247 165 4300 si
184 4251 272 4300 umen
290 4247 451 4314 dispensacio
468 4249 541 4314 prins
563 4249 669 4305 cotenu
689 4255 725 4314 es,
753 4237 880 4301 pumen,
910 4237 973 4301 uni·
998 4234 1105 4289 unicum
1132 4230 1267 4286 anninus
1291 4224 1401 4294 impedi·

114 4321 143 4368 nt
172 4315 289 4380 uidetur,
325 4317 489 4372 exsecutioni
518 4321 634 4374 nundum
665 4322 727 4375 data
752 4329 869 4377 mentum
903 4323 1078 4386 constituunt;
1117 4331 1194 4385 porro
1229 4329 1282 4370 non
1316 4310 1401 4374 matis

114 4385 204 4439 ualida
215 4386 319 4450 fnisset,
338 4387 376 4440 uti
388 4389 512 4451 supponit
523 4394 623 4455 auctor,
635 4391 726 4456 sponsi
753 4409 945 4474 mmmm·
961 4407 1087 4470 amnem,
1106 4406 1130 4458 sp
1147 4407 1297 4471 pecatum,
1316 4398 1399 4464 petita

114 4454 726 4590 ggvzopgplsffingflfpsoffiuf'msffufflffilffig
750 4497 804 4562 lam
837 4494 1046 4560 dispensatione,
1084 4492 1207 4552 iteretur,
1241 4486 1302 4551 unia
1331 4485 1399 4538 tales

115 4594 209 4656 itioris
230 4592 493 4660 (Perinde-aufere)
519 4625 551 4636 -
584 4601 606 4655 γ,
626 4602 722 4664 comp,
753 4582 960 4646 dispensationes
988 4582 1133 4634 sortiuntur
1167 4575 1288 4627 effectum
1323 4581 1399 4625 suum

115 4675 143 4716 ²⁸·
165 4664 237 4716 ⁸7²·
268 4663 310 4729 (ti.
330 4665 407 4730 edit.)
753 4681 805 4724 non
824 4681 840 4723 a
856 4669 899 4725 die
916 4669 1063 4733 missionis,
1087 4664 1134 4719 sed
1157 4667 1306 4725 atempore
1323 4671 1398 4712 exse·
