3168 4998
168 147 223 204 liti
599 141 639 194 lii
655 133 881 194 susiliuiioriu
897 134 932 190 ΙΝ
950 135 1067 190 slecis.

219 289 320 343 ilices:
353 281 487 338 l’rseolslo
517 279 606 334 damni
635 291 689 334 non
718 273 817 330 sumsit
842 269 1063 336 compensationis
1089 271 1168 326 ululo
1194 269 1303 326 militat
1345 271 1507 336 lieaponslet

162 376 241 440 insta
262 373 372 434 mallos,
398 375 427 423 ot
449 365 614 433 praerloenti
636 364 760 416 damnum
782 360 818 412 sit
843 357 903 422 ille,
927 361 1036 412 mortem
1054 359 1153 412 llarci
1175 359 1284 413 minime
1301 359 1357 425 elus
1374 359 1507 414 familiae

166 459 330 525 imputabile,
350 456 373 510 si
392 458 447 521 lpse
465 465 513 519 per
530 451 746 507 soamactionem
763 457 817 500 non
843 443 979 508 exuisse,
1008 444 1061 498 imo
1087 446 1174 510 potius
1203 445 1231 498 ln
1257 447 1313 511 eius
1339 445 1506 499 lesensium

166 546 202 599 sit
224 543 280 610 elus
303 553 384 597 esusa
403 537 505 595 eifleax.
542 539 620 593 Porro
638 537 667 589 ln
684 532 817 599 praesenti
844 529 963 584 vertisse.
1000 530 1084 585 instat
1101 531 1277 586 confessarios
1294 536 1322 585 et
1340 543 1432 597 parere
1452 543 1505 586 no·

167 643 230 684 caso
242 629 396 683 lllrelnus
414 629 454 678 est
472 627 574 678 unium
591 621 703 685 oeomlo,
722 623 749 673 et
765 629 817 671 non
845 617 944 670 lentem
962 615 1060 682 alsone
1078 618 1244 672 absolutione
1262 617 1378 672 dimittit

167 727 247 770 eausa
272 711 449 767 damnationis
471 710 556 764 liutl.
593 709 659 772 Ergo
684 707 749 758 llaec
772 705 819 757 sla·
897 698 928 754 2·
957 702 1113 765 illelius.
1145 703 1234 759 loablta
1262 715 1323 758 cam
1351 705 1506 760 salliano

167 803 267 856 moatlo
290 811 342 853 non
360 797 506 861 Hirtino,
528 793 576 848 seri
598 793 680 847 errori
701 791 818 855 luillcom
846 791 968 854 onerela,
1000 790 1039 843 ira
1068 789 1182 854 percitus
1212 791 1317 856 alapam
1344 792 1508 846 alocmarlo

168 894 209 943 0„
230 883 402 952 imputamus,
846 876 965 940 impegit.
1005 875 1165 930 sabianus
1190 876 1311 942 iniuriam
1335 878 1417 932 islem
1440 879 1509 932 sola

221 975 250 1029 li.
270 975 299 1028 ln
317 975 406 1024 nostro
418 980 480 1022 casu
498 979 550 1020 non
562 965 650 1029 agitor
666 965 768 1016 ιιιιιιιιιιι
787 959 819 1014 tle
845 962 982 1027 sanguinis
1004 963 1131 1017 emisione
1155 965 1272 1030 reparari
1295 977 1372 1029 posse
1395 967 1506 1018 censet.

169 1063 265 1114 damno
283 1058 417 1124 praeviso,
435 1053 483 1109 seri
502 1053 581 1107 etlam
600 1051 634 1103 tle
652 1050 747 1103 damno
765 1059 819 1100 mo·
846 1048 1000 1102 illoalrlum
1028 1050 1110 1114 igliur
1138 1050 1166 1104 ln
1200 1051 1334 1115 singulare
1362 1057 1508 1105 certamen

170 1147 264 1200 rallier
284 1147 373 1198 creato
392 1147 419 1196 et
435 1151 498 1194 uere
520 1139 631 1191 intento.
666 1133 820 1189 lllrslnns
846 1139 979 1198 provocat.
1023 1137 1070 1189 llic
1095 1147 1159 1189 uero
1187 1136 1330 1192 infeliciter
1359 1138 1507 1192 iecems

169 1233 238 1286 enlm
262 1230 295 1284 tle
319 1227 450 1283 industria
473 1225 511 1278 uti
534 1224 620 1277 voluit
640 1219 821 1285 praesentibus
846 1221 874 1274 ln
898 1221 1045 1286 palaestra,
1073 1223 1106 1275 ali
1132 1222 1177 1275 lllo
1200 1223 1336 1277 confossus
1363 1226 1504 1287 omnbult,

169 1316 386 1379 circumstantiis,
414 1313 492 1368 liulo
514 1311 630 1362 maxime
647 1307 761 1370 nocivis,
788 1306 821 1358 ad
846 1319 969 1370 uxorem,
993 1309 1061 1361 lilios
1084 1315 1110 1362 et
1131 1315 1241 1363 matrem
1263 1310 1346 1374 ipsam
1368 1311 1506 1376 annuntiis

169 1403 339 1459 laomleltlium
373 1395 507 1454 lleraltll
543 1393 708 1459 patrandum.
754 1393 821 1457 lirso
848 1399 874 1446 ei
891 1394 981 1459 inopis
998 1405 1101 1460 pressos
1118 1396 1280 1461 relinquens.

169 1490 247 1544 datur
267 1499 329 1544 vera
354 1483 484 1539 connexio
505 1479 684 1534 intermedia
705 1478 738 1532 alo
764 1480 820 1544 lpso
899 1476 969 1532 Hirro

170 1571 289 1629 ainlolta
306 1570 416 1627 minii
433 1565 638 1621 lamnationem.
671 1566 736 1631 Ergo
753 1577 822 1619 mors
848 1563 967 1633 unser.
980 1563 1063 1622 1⁰As
1081 1569 1237 1623 Jaeoiacc
1258 1579 1362 1632 scapos
1383 1565 1427 1624 ati
1445 1570 1506 1624 aii·

169 1662 244 1715 llurl
263 1661 304 1712 ost
315 1669 408 1722 reapse
421 1653 553 1708 Hirtino
566 1650 741 1717 imputatilis:
759 1661 822 1716 ergo
1021 1652 1094 1720 puisi
1109 1659 1243 1708 iescalar
1260 1667 1330 1721 erpa
1350 1655 1506 1719 familiam

171 1747 326 1800 lllrclnus
349 1743 425 1796 nulla
449 1739 629 1793 misericornia
654 1739 748 1804 (lignus
771 1743 820 1790 est.
1020 1741 1142 1804 Marci,
1161 1753 1245 1806 qam
1263 1741 1387 1797 occidit?
1404 1745 1443 1798 ut
1461 1757 1506 1798 aaa

172 1859 207 1870 -
232 1831 327 1896 iopler
344 1825 413 1883 liiii.
1021 1825 1507 1893 confessarioocompcnsaiionem

227 1913 289 1972 iet.
307 1943 341 1954 -
363 1917 394 1969 ll.
413 1912 456 1969 aa
472 1909 511 1966 2²
530 1916 632 1975 oetaeo.
669 1909 823 1966 llirclnus
1022 1913 1106 1967 iliam
1124 1915 1276 1980 iriaapere
1291 1917 1437 1978 potuerit?

171 2008 277 2058 tenetur
285 2015 339 2067 per
351 2014 383 2055 ac
395 2002 428 2055 atl
441 2000 634 2055 institutionem
646 2010 709 2062 erga
724 2004 822 2051 otram·
978 1996 1009 2052 2·
1021 2001 1062 2054 Aa
1084 1999 1262 2054 saiiaaas
1284 2003 1431 2056 resarcire
1455 2000 1505 2056 aic-

171 2101 221 2155 qoe
240 2087 383 2150 lamillam,
405 2091 462 2142 tum
483 2085 632 2149 Boniti,
660 2089 715 2137 tum
733 2083 820 2148 llull,
1022 2086 1089 2142 icat
1111 2083 1236 2152 damna,
1262 2099 1337 2152 puae
1361 2101 1399 2142 ea
1423 2093 1505 2144 occi·

172 2177 195 2228 sl
209 2175 305 2228 lemna
322 2186 356 2228 ex
369 2185 459 2226 eorum
477 2177 560 2226 morte
574 2182 667 2236 passae
685 2171 748 2224 slot.
779 2171 823 2223 ist
1023 2174 1105 2227 riolas
1138 2171 1308 2229 adversarii
1338 2176 1371 2230 irs
1401 2171 1506 2231 dasilo

171 2263 242 2315 enlm
261 2273 340 2316 causa
358 2260 431 2312 neeis
448 2258 597 2323 utrimque,
621 2256 723 2311 scillcet
743 2269 822 2310 causa
1024 2257 1087 2322 cias
1104 2259 1240 2324 lamiliae
1257 2263 1429 2315 manassi?

171 2349 294 2414 plpsica
311 2347 401 2400 mortis
420 2345 525 2410 prioris,
552 2348 579 2396 et
600 2355 679 2397 cansa
700 2344 823 2397 moralis
978 2341 1009 2400 3⁰
1021 2349 1062 2401 Aa
1088 2351 1267 2409 provocatas
1294 2344 1337 2400 aci
1361 2345 1505 2414 daem,

172 2433 263 2488 mortis
293 2431 453 2499 posteriorls.
499 2433 548 2485 Per
576 2430 705 2483 iamlllam
734 2433 821 2484 autem
1023 2433 1053 2485 si
1068 2431 1402 2487 adversariamacciaiat
1419 2447 1506 2490 cace-

172 2520 358 2585 lntclllgnntur
376 2519 481 2584 connati
499 2518 617 2582 proxime
633 2517 774 2581 coniuncti,
793 2521 825 2569 ut
1023 2516 1117 2574 aenio
1129 2517 1316 2574 mussantes
1329 2521 1508 2586 inculpatae

172 2612 234 2660 sunt
246 2605 302 2672 lilii,
316 2611 449 2670 parentes,
463 2616 539 2668 uxor,
554 2605 617 2670 qais
628 2604 672 2657 isti
683 2608 824 2657 censentur
1023 2605 1146 2670 tutelae,
1169 2603 1281 2659 damna
1301 2605 1438 2669 sominae
1455 2620 1507 2662 oc·

173 2705 231 2748 esse
248 2705 301 2746 una
319 2692 464 2758 canemque
482 2702 595 2756 persona
612 2701 672 2743 eum
688 2689 820 2742 tleloncto.
1024 2693 1080 2746 cisi
1113 2693 1199 2746 iliata
1237 2704 1427 2757 compensare
1462 2701 1506 2750 tc·

172 2787 295 2837 litamen
315 2779 506 2845 probabiliter
528 2775 661 2832 lromislrla
682 2788 698 2829 a
719 2775 824 2828 restitu·
1023 2781 1147 2832 ataias?

173 2870 245 2923 tione
268 2867 433 2921 excussurus
455 2869 497 2919 est
518 2865 589 2919 clrea
607 2863 703 2917 damna
725 2863 823 2924 latura,
1106 2861 1243 2919 Solatia

173 2955 196 3008 sl
223 2955 328 3018 connati
355 2953 434 3006 icelle
463 2953 514 3005 sibl
543 2951 685 3005 subvenire
714 2948 824 3014 possint,
903 2947 1315 3015 iiii.—1l.onl=ocaco.
1352 2952 1503 3016 iicaatiac.

173 3041 237 3107 qnia
253 3042 360 3105 cognati
378 3051 431 3092 non
449 3039 572 3094 sinentur
587 3039 630 3102 lus
648 3036 755 3100 labere,
773 3033 825 3088 nisi
850 3038 991 3092 laenius
1025 3037 1095 3092 enim
1125 3039 1228 3094 nullum
1258 3039 1381 3094 namnum
1412 3041 1506 3095 intulit

174 3129 207 3181 atl
235 3139 281 3190 ea,
313 3139 382 3193 quae
411 3126 513 3179 occisas
543 3137 577 3180 ex
606 3124 696 3178 stricta
726 3122 826 3188 pietate
852 3125 970 3178 lamlliae
988 3123 1100 3189 llarei,
1118 3137 1177 3178 cnm
1195 3138 1210 3178 e
1228 3126 1358 3180 contrario
1375 3128 1505 3192 maiorem

176 3214 240 3279 ipsis
274 3223 383 3278 erogare
416 3211 557 3268 debuisset.
595 3237 629 3246 -
670 3211 693 3264 i.
730 3208 824 3272 comp.
852 3210 977 3265 bonorum
991 3211 1207 3276 dilapidationem
1225 3213 1399 3278 impediverit.
1436 3216 1505 3278 Ergo

177 3311 206 3354 a.
230 3301 301 3353 725.
325 3299 396 3352 720.
852 3300 1028 3354 confessarius
1058 3310 1112 3352 non
1141 3300 1226 3362 potuit
1253 3299 1355 3354 reione
1383 3298 1505 3362 iustitiae

230 3381 291 3437 lut.
310 3411 345 3422 -
363 3387 394 3440 li.
415 3382 458 3438 asi
479 3384 516 3438 3³
536 3387 639 3447 osaea.
676 3381 826 3436 lliroluus
851 3384 892 3438 llll
910 3384 1150 3448 compensationem
1168 3397 1230 3449 ersa
1247 3385 1409 3450 praesiccam
1427 3387 1504 3440 iaml-

173 3468 353 3538 proialilias
382 3483 435 3524 non
465 3475 568 3524 tenetm
598 3471 630 3522 ad
660 3467 826 3522 resarcientis
853 3471 915 3524 liam
934 3470 1113 3536 praescribere
1130 3472 1179 3524 suo
1198 3473 1371 3526 absolutionis
1388 3472 1505 3539 denega·

176 3558 286 3622 damna,
306 3567 374 3623 quae
392 3555 482 3610 saisire
500 3559 641 3620 potuerant
660 3556 705 3608 alli
723 3555 826 3622 cognati
853 3556 933 3610 tione.
975 3557 1062 3610 Potuit
1085 3563 1187 3612 mnium
1211 3571 1259 3625 per
1282 3559 1388 3614 modom
1413 3562 1504 3624 poeni·

176 3644 321 3699 occisorum
343 3647 524 3708 praeterens,
546 3643 591 3709 qni
613 3643 749 3698 strioteet
769 3653 827 3707 pro·
853 3643 951 3697 tentiae
979 3645 1031 3706 lpsl
1060 3645 1215 3711 injungere,
1251 3655 1280 3700 at
1313 3645 1412 3712 aliquit
1441 3647 1503 3700 lonlc

175 3731 246 3784 xime
264 3734 326 3782 sunt
343 3729 489 3792 coniuncti,
514 3735 545 3782 ut
561 3729 637 3782 morlo
660 3729 757 3783 ilicium
776 3733 826 3790 est,
851 3729 970 3784 tamillse
988 3731 1094 3796 trlliuat,
1114 3731 1137 3784 si
1155 3732 1244 3796 lnopla
1262 3733 1374 3797 iellorei,
1396 3733 1448 3794 uel,
1469 3743 1502 3786 ea

175 3817 236 3883 quia
270 3816 321 3870 luit
356 3827 435 3870 caasa
464 3820 564 3870 remota
599 3821 701 3870 unium
734 3818 827 3870 luorum
853 3829 905 3871 non
924 3816 1072 3882 lantperte,
1098 3827 1127 3870 ur
1145 3819 1324 3882 eleemosynas
1345 3819 1502 3884 pauperinus

175 3904 331 3958 damnorum
353 3907 381 3956 et
402 3903 476 3956 uelut
499 3903 686 3967 persentiens
707 3901 827 3956 habenda
853 3911 951 3967 eroget.
988 3902 1149 3958 conuadicit
1167 3905 1296 3960 colimne
1310 3905 1503 3960 immunis

177 3995 227 4046 cst.
247 4015 281 4027 ·-
306 3991 328 4045 i.
349 3991 446 4054 comp.
466 3987 534 4043 iiiii.
555 4014 590 4026 -
607 3989 688 4044 ilici
702 4003 731 4044 ιι.
752 3991 825 4044 210.
853 3987 1040 4054 (actamnis
1056 4003 1083 4054 p.
1103 3990 1204 4055 280),
1224 3993 1295 4058 qnia,
1315 3993 1360 4054 ait,
1380 3993 1503 4046 flaccus

176 4103 211 4116 -
229 4077 357 4132 introis
375 4087 403 4130 ιι.
427 4077 499 4130 310.
519 4080 572 4130 etc.
852 4075 981 4141 potuisset
1002 4075 1035 4129 atl
1057 4077 1192 4130 meliorem
1215 4079 1317 4142 frugem
1334 4090 1364 4130 se
1386 4081 1503 4145 recipere

392 4207 542 4282 usos
563 4211 609 4278 11.
854 4163 1162 4315 ιιιιιιιιιι
1186 4165 1504 4317 lituris

240 4327 420 4384 nesilllillil
439 4329 496 4383 PRO
514 4328 677 4384 HOMICIDIO
696 4325 727 4389 (2
741 4331 763 4390 )·
855 4336 1013 4402 imponentis
1025 4338 1150 4403 obligatio
1162 4337 1333 4392 restitutionis
1343 4350 1390 4403 pro
1402 4339 1503 4393 tiamnls

231 4421 261 4475 1⁰
277 4425 415 4480 lacobus
438 4423 534 4477 occidit
553 4425 702 4486 liarcum,
727 4422 772 4487 noi
791 4423 829 4474 ra·
855 4423 920 4477 sico
939 4423 1045 4478 incertis
1063 4429 1091 4477 et
1110 4425 1225 4478 remotis.

177 4513 355 4568 millamiuxu
368 4516 469 4577 etpotn
485 4510 691 4578 depauperalat.
720 4508 830 4562 iubetur
908 4509 968 4566 itii.
989 4537 1022 4550 -
1046 4513 1077 4566 li.
1098 4511 1140 4566 aa
1159 4509 1197 4564 2⁰²
1218 4515 1319 4575 osaea.
1358 4515 1500 4577 Neratiae.

179 4601 377 4666 aeoniessarlo,
390 4605 419 4654 ut
431 4602 546 4668 aliquam
559 4597 687 4664 pecuniae
699 4607 826 4650 summam
854 4599 928 4652 ilatio
947 4602 999 4660 est,
1025 4601 1085 4665 quia
1109 4599 1245 4654 decamus
1270 4601 1296 4654 in
1320 4599 1422 4664 duello,
1445 4601 1501 4652 slrc
