3130 4990
142 97 178 154 1t
668 101 707 154 lix
726 98 937 156 cobscitllxll.

196 242 243 296 Sic
261 237 303 294 od
317 239 391 294 boec
408 236 628 303 contenarius:
661 237 736 302 indi,
755 237 794 290 dil
819 238 897 291 beas
912 238 1043 302 superbis
1058 239 1177 302 rerieiii,
1196 241 1355 295 bumilitate
1372 247 1482 296 actem

143 329 193 383 mi:
213 327 309 380 falsum
328 331 383 388 est,
412 329 438 379 le
456 325 631 380 umnatlonls
648 325 792 390 pericnlum
820 322 872 377 dui
888 325 1034 389 praciam?
1068 327 1162 380 ierom
1179 328 1202 380 sl
1221 329 1305 393 gratie
1319 330 1483 383 conceditur

145 416 288 476 incurrere,
308 413 332 466 si
349 411 510 466 conicemrlo
525 411 700 466 obedientlam
717 421 792 475 prae·
820 411 975 476 bumilitail,
1016 413 1150 468 humilitas
1190 415 1218 469 ln
1257 415 1409 468 obedientia
1450 419 1483 467 et

145 507 209 556 sies.
244 501 304 564 lpse
322 503 348 554 te
366 497 482 553 eximere
494 503 578 564 potest
590 498 623 551 eb
635 495 792 562 obligatione
820 497 900 550 animi
929 499 1092 562 subiectione
1121 500 1198 554 sistit.
1242 502 1303 565 pois
1334 501 1417 568 igiim
1450 505 1484 554 te

145 589 223 655 plura
240 589 349 652 peccata
360 585 522 650 declarandi,
542 585 564 637 sl
577 586 644 639 forie
655 586 792 648 exsistunt,
819 582 982 647 [coenubii
1007 597 1067 642 coia
1092 585 1206 642 obedire
1229 590 1366 644 ceriali?
1399 589 1484 649 (iia-

146 674 250 742 poando
264 672 381 737 indicat,
400 673 428 726 ld
446 672 480 726 ad
497 672 602 725 animae
619 674 680 725 luae
697 671 794 724 bonum
822 670 878 724 lat.
898 667 925 736 ii,
944 669 986 734 1.)

146 761 281 825 expedire,
302 759 320 812 l.
339 771 362 812 e.
383 758 517 813 declarare
533 761 632 824 potest,
652 760 738 823 legem
756 759 795 812 in·
872 755 916 810 bb.
935 785 968 796 -·
982 755 1140 823 Obiieilb⁰:
1160 759 1245 826 i’ater,
1258 763 1368 815 minime
1382 763 1483 815 diffido

147 847 277 912 tegritails
304 846 474 900 coufesdonls
503 847 531 899 in
559 847 640 899 tanda
670 844 797 908 angnulis
822 844 967 908 sapientiae
992 850 1067 910 tore,
1093 847 1139 900 sed
1163 849 1227 901 mlbl
1252 848 1316 913 ipsi,
1342 846 1388 914 poi
1412 861 1483 903 con-

148 947 202 988 non
219 943 325 998 urgere,
342 935 410 985 teste
422 934 449 984 S.
463 931 523 994 Lip.
542 936 603 997 post
614 933 709 985 multos
721 931 796 984 aiios.
822 933 957 984 scientiam
975 944 1061 986 ineam
1079 933 1128 987 tibi
1146 935 1295 999 patefacere
1314 947 1429 1000 nequeo,
1452 939 1486 987 et

148 1021 268 1074 ceterum
292 1030 345 1072 non
369 1020 442 1071 tuom
467 1021 509 1070 esi
525 1018 607 1081 seire,
633 1018 695 1083 pald
716 1017 799 1081 possit
822 1017 882 1070 ideo
914 1018 1046 1072 continuis
1080 1021 1258 1075 anxietatibus
1292 1022 1415 1076 detineor
1452 1029 1486 1074 et

148 1107 191 1160 vel
218 1116 270 1159 non
298 1103 381 1169 possit
405 1105 594 1168 confessarius,
622 1103 669 1156 sed
696 1105 796 1156 ientnm
823 1105 932 1158 crucior.

148 1191 324 1245 obedientiam
349 1190 375 1244 ei
400 1193 544 1254 praestare.
585 1191 638 1242 lieo
661 1189 705 1242 xia
727 1195 798 1243 cerlo
876 1189 1075 1256 Rcmndebii:
1112 1193 1268 1256 contemne,
1300 1193 1399 1257 freter,
1432 1196 1485 1246 bos

148 1277 315 1344 consequeris
338 1276 419 1328 animi
441 1286 546 1340 pacem,
569 1286 647 1341 poam
669 1287 717 1338 per
738 1287 799 1330 con·
824 1277 905 1330 animi
924 1277 961 1330 toi
983 1291 1093 1344 angores
1116 1285 1143 1333 et
1165 1280 1307 1334 cruciatos:
1333 1279 1431 1332 inanes
1455 1285 1487 1332 ei

148 1365 284 1426 fesolanae,
301 1361 638 1427 etlamcentiaarepelltas,
657 1375 798 1429 numquam
824 1363 983 1427 periculosas
995 1366 1079 1430 abilee
1091 1377 1174 1420 curas.
1206 1367 1392 1420 ilnnesiatom
1406 1373 1486 1420 luurn
1543 1363 1544 1428 i

825 1451 954 1514 patienter
970 1451 1078 1516 sustine,
1098 1455 1126 1506 et
1142 1452 1211 1506 bens
1228 1451 1291 1506 olim
1310 1455 1337 1504 te
1355 1452 1486 1505 subiere·

202 1529 245 1586 bd
265 1557 299 1570 -
318 1531 421 1594 ilbjicit
436 1527 479 1584 3⁰:
511 1533 602 1600 Pater,
628 1536 679 1590 boc
695 1537 799 1601 quidem
825 1537 872 1600 bit,
892 1549 942 1590 nec
953 1537 1085 1602 quidpiam
1098 1539 1256 1603 detrimenti,
1272 1549 1305 1591 ex
1317 1539 1360 1590 bis
1373 1539 1486 1592 animae
1543 1579 1544 1600 2

152 1617 330 1677 admitterem.
358 1617 380 1670 si
405 1629 448 1671 me
474 1631 658 1688 cognoscerem
684 1623 731 1676 sed
758 1635 800 1677 me
826 1626 886 1676 tuae
912 1625 1132 1688 perplexitatibus
1159 1631 1186 1678 ei
1212 1623 1354 1688 angoribus
1382 1627 1485 1688 capies.

152 1703 261 1757 minime
278 1703 359 1758 nosti:
380 1707 509 1772 quomodo
528 1719 590 1772 ergo
602 1709 650 1762 ilbi
666 1709 801 1774 obtempe·
826 1707 871 1762 iiie
889 1721 922 1762 ex
940 1709 992 1763 imo
1010 1712 1088 1765 corde
1107 1723 1165 1766 eum
1182 1711 1256 1776 regio
1271 1711 1427 1764 Psalmista:
1449 1713 1486 1766 in
1543 1739 1544 1770 i

151 1802 211 1846 rare
232 1793 354 1855 pessumi
383 1792 512 1858 quomodo
533 1798 563 1848 io
584 1806 632 1859 pro
652 1807 694 1848 me
714 1807 801 1850 eoram
826 1797 863 1857 ie,
883 1795 1013 1859 bomine,
1033 1801 1165 1862 aperaoi,·
1185 1809 1244 1853 noo
1262 1797 1437 1863 cocosander
1453 1797 1487 1852 fle
1543 1781 1544 1830 ἶ

152 1879 205 1932 lieo
226 1878 384 1940 respondere
406 1880 479 1932 vales
505 1885 533 1934 et
559 1883 587 1934 ln
613 1887 686 1936 recia
708 1883 801 1936 salutis
827 1885 994 1936 aeieroum!
1011 1883 1064 1947 (io.
1085 1883 1129 1946 30,
1147 1883 1188 1947 t.)
1543 1869 1544 1886 ¹

152 1965 197 2018 xla
212 1975 256 2016 me
269 1964 381 2029 dirigere
394 1971 472 2032 atqua
485 1967 517 2019 ab
531 1969 659 2032 angustiis
674 1969 802 2023 liberaret

204 2048 408 2114 despondebit:
420 2051 498 2116 siste,
511 2054 604 2109 maban
617 2055 679 2121 quid
694 2061 733 2109 est
742 2057 801 2119 boc,
1033 2047 1183 2121 OASUS
1208 2052 1266 2118 VI.

335 2139 340 2174 Ι
406 2138 412 2150 Ι
793 2167 807 2180 ,Δ

153 2137 442 2278 ffifmffimffiss
461 2139 804 2283 ‘'fund‘’ffqfflmffis
966 2185 1005 2238 oe
1022 2185 1245 2240 exooxslxlsxo
1265 2185 1332 2251 (1).

153 2311 299 2375 pericnlum
317 2311 412 2364 erroris
430 2314 457 2364 et
474 2317 597 2368 aetemce
618 2315 802 2380 damnationis,
881 2306 1049 2370 Militiam
1066 2309 1143 2362 inim
1158 2309 1258 2372 illim
1275 2307 1421 2363 illicior&-

154 2397 178 2448 si
195 2396 256 2449 duci
274 2397 459 2462 iuospirituaii
472 2398 644 2466 obtemperes,
665 2402 708 2468 ool
728 2414 803 2466 prae·
881 2388 911 2444 1⁸
940 2393 1131 2460 severinus,
1162 2395 1411 2458 illibabiliorllmi
1439 2409 1489 2458 lit·

154 2486 196 2535 ier
221 2483 354 2546 propriam
381 2485 571 2547 experientiam
598 2491 626 2540 et
647 2489 804 2553 sapientiam
829 2481 1089 2544 ii01111⁵i⁶⁰rliml¹³‚
1113 2483 1277 2536 &diffitentis
1295 2482 1324 2534 ¹¹1
1342 2493 1426 2534 illlum
1440 2482 1489 2534 de-

155 2569 241 2624 eiieo
260 2569 294 2622 ad
312 2571 339 2622 te
356 2569 521 2635 dirigendum
539 2573 690 2638 specialiter
706 2576 806 2629 illumi·
830 2567 923 2630 mercii
941 2566 1101 2621 biriihfflffl·
1139 2567 1273 2632 clamitat,
1298 2579 1343 2621 0⁰⁵
1366 2567 1489 2620 evidenti

154 2659 246 2720 natur;
269 2657 376 2710 minime
394 2669 458 2711 vero
477 2658 509 2711 de
532 2661 638 2724 proprio
655 2663 806 2725 opidanum
829 2653 922 2707 salutis
940 2654 1083 2708 discrimini
1096 2665 1125 2708 se
1139 2655 1311 2718 committere,
1331 2654 1490 2718 opinionem

154 2741 268 2797 difddisl
309 2743 416 2797 ilniiom
446 2745 601 2800 reformidas
631 2757 744 2801 errorem
775 2760 806 2803 ex
831 2741 917 2794 millis
938 2744 1021 2793 illidii]
1044 2753 1092 2795 ⁸⁰¹1
1114 2743 1201 2796 mlsslls
1219 2745 1265 2795 ⁸1¹⁸
1287 2753 1370 2808 aeque
1389 2743 1491 2805 limile·

154 2835 229 2895 parce
248 2831 286 2884 tal
304 2830 403 2896 rosinae
438 2831 486 2885 ilbi
504 2833 642 2898 igiturest
660 2834 806 2888 infallibili·
831 2827 911 2882 bilem
927 2828 1075 2894 equanto,
1096 2839 1155 2882 cun
1174 2829 1214 2892 ld,
1237 2831 1305 2894 quoa
1324 2828 1493 2894 probabilius

155 2921 196 2970 lu
214 2919 275 2971 mre
293 2916 424 2984 Nonquia
441 2918 510 2972 oens
523 2923 550 2973 le
566 2919 734 2974 infallibilem
746 2933 807 2975 eon-
832 2915 930 2970 malnn
948 2919 997 2978 est
1017 2925 1143 2979 pungere
1155 2921 1324 2979 praesumant
1336 2919 1363 2969 ec
1375 2915 1492 2979 proinde

155 3005 240 3058 slliult
263 3005 297 3058 ad
323 3005 360 3058 tui
384 3005 578 3070 directionem.
598 3019 656 3061 cum
681 3020 714 3060 ne
737 3009 807 3072 Papa
833 3005 906 3068 leges
932 3003 1036 3057 divinas
1059 3003 1203 3057 formaliter
1231 3002 1330 3056 violare
1356 3013 1410 3054 non
1439 3001 1492 3054 dn-

156 3090 261 3154 ooidcm
279 3093 457 3156 nujuscemodi
470 3094 584 3159 gaudeat
600 3095 808 3149 infallibilitate?
834 3089 926 3142 bitant.

157 3175 227 3228 sane
244 3177 392 3232 infallibilis
412 3181 524 3234 evadere
542 3187 630 3246 poies;
650 3181 698 3234 sed
714 3181 809 3234 adbuc
885 3171 916 3226 2⁰
951 3175 1131 3240 Militibus,
1170 3174 1494 3241 ΜΜΨΜΜΝΙΜ

158 3262 636 3330 consequendumsolavlasnperest:
649 3266 807 3321 obedientia.
834 3261 968 3325 defensor,
993 3265 1023 3315 ut
1045 3263 1269 3317 amantissimae
1292 3263 1381 3326 depici
1399 3263 1491 3326 carpit

210 3343 254 3398 bl.
272 3371 306 3384 ·-
330 3346 493 3410 toilonii:
520 3352 616 3417 ludio,
642 3352 730 3408 Pater:
762 3353 808 3407 sed
835 3349 1023 3402 severinum
1044 3349 1076 3402 de
1095 3351 1177 3404 nimio
1196 3351 1290 3413 rigore,
1309 3350 1416 3402 innixos
1436 3351 1489 3402 boc

158 3445 207 3488 nec
220 3434 396 3488 confessarius
412 3441 454 3490 osi
470 3437 631 3500 infallibilis:
656 3439 717 3505 quid
730 3440 811 3504 igitur
835 3435 977 3500 principio:
1013 3436 1073 3489 beu
1100 3435 1189 3492 dubia
1215 3449 1276 3492 oon
1302 3435 1413 3500 obiipai
1438 3447 1489 3490 seu

159 3520 192 3573 de
210 3531 252 3572 me
270 3519 377 3584 misero,
398 3521 420 3574 si
439 3522 506 3575 forle
524 3526 666 3580 erraverit?
834 3534 896 3577 con
920 3525 965 3576 eal
990 3523 1166 3588 imponendo
1188 3523 1338 3588 obiipuiio,
1367 3523 1429 3576 leiti
1452 3521 1491 3576 de

210 3605 415 3670 despondebit:
442 3607 620 3664 confessarios
641 3623 735 3665 cavero
756 3624 810 3665 non
835 3621 871 3662 ea
883 3614 962 3664 cerlo
974 3613 1094 3664 comolet.
1127 3609 1378 3675 sedprobabilisils,
1393 3613 1489 3674 utpote

158 3699 200 3748 est
210 3693 359 3746 infallibilis
370 3694 565 3748 materialiter
578 3697 604 3748 in
616 3709 663 3749 sua
679 3698 808 3763 dirigendi
836 3696 862 3749 in
898 3697 1077 3762 benigniorem
1112 3701 1213 3762 partem
1252 3697 1489 3762 propendentibus,

157 3782 274 3843 relicum
294 3784 322 3834 iu
334 3793 396 3836 vero
408 3793 472 3835 vera
484 3781 609 3846 gaudebis
621 3783 810 3839 infallibilitate
835 3783 914 3837 etlam
932 3785 1093 3838 adversator.

158 3870 184 3922 ei
201 3868 380 3934 obsequendo,
404 3881 463 3922 oum
487 3869 605 3922 caristus
629 3868 726 3925 dixerit
748 3883 810 3935 apo·
887 3866 917 3924 3⁰
943 3871 1159 3936 iiomobonus,
1188 3870 1394 3934 probabiiieia,
1424 3869 1487 3933 lura

157 3956 232 4010 stolis
256 3968 303 4010 seu
329 3957 521 4011 sacerdotibus:
559 3959 613 4019 oui
639 3967 690 4011 ooo
713 3955 807 4020 audit,
835 3956 962 4010 libertatis
984 3969 1151 4022 propugnans
1174 3958 1257 4021 carpit
1280 3962 1335 4011 tum
1356 3958 1488 4010 severi·

157 4055 203 4098 me
215 4041 307 4098 auda.
344 4045 435 4109 lgiiam
455 4044 477 4098 sl
494 4045 562 4099 forie
573 4044 746 4100 materialiter
757 4045 810 4098 dux
835 4054 917 4106 oum,
932 4045 1182 4110 iumlienignom.
1203 4043 1431 4108 Primumouldem
1444 4056 1486 4097 ra·

159 4137 218 4184 tous
236 4132 375 4196 erraverit,
399 4143 470 4186 error
491 4132 538 4186 llle
561 4132 608 4186 tibi
631 4132 738 4185 minime
762 4131 810 4184 im·
834 4131 948 4185 tionibus
964 4133 1088 4196 secundi,
1112 4137 1139 4186 et
1156 4131 1300 4186 seeundum
1317 4131 1372 4184 suia
1390 4131 1485 4194 ipsios·

158 4219 244 4284 potari
262 4223 355 4283 potest.
393 4219 445 4274 Sed
468 4220 510 4272 dle
533 4219 613 4284 mibi,
638 4230 749 4285 quaeso,
773 4219 809 4272 ml
834 4220 888 4270 met
904 4215 1061 4284 rationibus,
1085 4230 1144 4272 eom
1163 4218 1275 4283 propriis
1292 4217 1373 4271 armis
1396 4218 1484 4272 confo-

158 4305 240 4371 bone,
266 4319 345 4373 quare
370 4305 435 4360 adeo
458 4307 613 4360 reformidas
639 4318 752 4360 errorem
777 4318 810 4359 ex
834 4305 939 4359 diendo.

158 4397 231 4458 parte
249 4392 410 4458 confessarii,
430 4397 458 4446 et
470 4397 521 4448 tam
535 4405 626 4459 parum
641 4393 738 4446 diffidis
751 4405 809 4457 per·
885 4389 915 4443 4⁰
933 4391 1122 4445 lindifacius
1144 4403 1221 4455 xero,
1246 4389 1387 4456 cuiuslibet
1403 4393 1484 4451 syste-

158 4481 271 4534 iinaclae
285 4479 378 4545 judicii
397 4479 434 4532 ini
453 4484 480 4534 ai
496 4481 599 4545 spiritui
618 4480 758 4544 superbiae
779 4492 809 4532 ac
833 4479 910 4533 matis
933 4490 1006 4542 osor,
1030 4481 1115 4534 socios
1131 4489 1193 4530 suos
1211 4489 1301 4530 omnes
1325 4475 1425 4539 carpit,
1443 4474 1485 4526 di·

159 4569 337 4632 tenebrarum,
370 4579 420 4633 ouo
446 4567 572 4632 replerisl
608 4567 709 4632 Nescis,
740 4565 808 4632 quod
833 4560 1485 4629 elitando,eosvanasatcbimerieasdisputationes
