<?xml version="1.0" encoding="UTF-8"?>
<!DOCTYPE html PUBLIC "-//W3C//DTD XHTML 1.0 Transitional//EN"
    "http://www.w3.org/TR/xhtml1/DTD/xhtml1-transitional.dtd">
<html xmlns="http://www.w3.org/1999/xhtml" xml:lang="en" lang="en">
 <head>
  <title>
</title>
<meta http-equiv="Content-Type" content="text/html;charset=utf-8" />
  <meta name='ocr-system' content='tesseract 3.04.00' />
  <meta name='ocr-capabilities' content='ocr_page ocr_carea ocr_par ocr_line ocrx_word'/>
</head>
<body>
  <div class='ocr_page' id='page_1' title='image "./casusconscienti00gurygoog_0192.png"; bbox 0 0 3168 4998; ppageno 0'>
   <div class='ocr_carea' id='block_1_1' title="bbox 553 193 1396 258">
    <p class='ocr_par' dir='ltr' id='par_1_1' title="bbox 553 193 1396 258">
     <span class='ocr_line' id='line_1_1' title="bbox 553 193 1396 258; baseline 0.007 -8"><span class='ocrx_word' id='word_1_1' title='bbox 553 193 913 252; x_wconf 62' lang='lat' dir='ltr'><strong>Emeum</strong></span> <span class='ocrx_word' id='word_1_2' title='bbox 1342 201 1396 258; x_wconf 80' lang='lat' dir='ltr'><strong>itit</strong></span> 
     </span>
    </p>
   </div>
   <div class='ocr_carea' id='block_1_2' title="bbox 85 331 1396 490">
    <p class='ocr_par' dir='ltr' id='par_1_2' title="bbox 85 331 1396 490">
     <span class='ocr_line' id='line_1_2' title="bbox 86 331 1395 408; baseline 0.001 -14"><span class='ocrx_word' id='word_1_3' title='bbox 86 335 284 394; x_wconf 80' lang='lat' dir='ltr'><strong>eenarienrn:</strong></span> <span class='ocrx_word' id='word_1_4' title='bbox 312 343 365 388; x_wconf 87' lang='lat' dir='ltr'><strong>nen</strong></span> <span class='ocrx_word' id='word_1_5' title='bbox 383 331 487 387; x_wconf 85' lang='lat' dir='ltr'><strong>uidetur</strong></span> <span class='ocrx_word' id='word_1_6' title='bbox 503 337 575 388; x_wconf 74' lang='lat' dir='ltr'><strong>uene</strong></span> <span class='ocrx_word' id='word_1_7' title='bbox 593 333 627 386; x_wconf 91' lang='lat' dir='ltr'><strong>da</strong></span> <span class='ocrx_word' id='word_1_8' title='bbox 644 333 719 398; x_wconf 71' lang='lat' dir='ltr'><strong>sueri</strong></span> <span class='ocrx_word' id='word_1_9' title='bbox 746 333 814 388; x_wconf 87' lang='lat' dir='ltr'><strong>tieesi</strong></span> <span class='ocrx_word' id='word_1_10' title='bbox 843 334 898 390; x_wconf 87' lang='lat' dir='ltr'><strong>aiiu</strong></span> <span class='ocrx_word' id='word_1_11' title='bbox 926 336 1004 390; x_wconf 82' lang='lat' dir='ltr'><strong>mutin</strong></span> <span class='ocrx_word' id='word_1_12' title='bbox 1032 335 1059 389; x_wconf 91' lang='lat' dir='ltr'><strong>ei</strong></span> <span class='ocrx_word' id='word_1_13' title='bbox 1090 346 1243 393; x_wconf 73' lang='lat' dir='ltr'><strong>succurrere</strong></span> <span class='ocrx_word' id='word_1_14' title='bbox 1272 347 1395 408; x_wconf 67' lang='lat' dir='ltr'><strong>nequeat</strong></span> 
     </span>
     <span class='ocr_line' id='line_1_3' title="bbox 85 419 1396 490; baseline 0.008 -15"><span class='ocrx_word' id='word_1_15' title='bbox 85 427 178 490; x_wconf 74' lang='lat' dir='ltr'><strong>pescate</strong></span> <span class='ocrx_word' id='word_1_16' title='bbox 193 419 372 485; x_wconf 69' lang='lat' dir='ltr'><strong>aecusnduat</strong></span> <span class='ocrx_word' id='word_1_17' title='bbox 396 419 527 486; x_wconf 76' lang='lat' dir='ltr'><strong>manain</strong></span> <span class='ocrx_word' id='word_1_18' title='bbox 544 421 718 485; x_wconf 78' lang='lat' dir='ltr'><strong>pnnucasn</strong></span> <span class='ocrx_word' id='word_1_19' title='bbox 746 420 855 474; x_wconf 84' lang='lat' dir='ltr'><strong>maritus</strong></span> <span class='ocrx_word' id='word_1_20' title='bbox 878 433 932 476; x_wconf 87' lang='lat' dir='ltr'><strong>nun</strong></span> <span class='ocrx_word' id='word_1_21' title='bbox 954 427 1042 488; x_wconf 83' lang='lat' dir='ltr'><strong>petest</strong></span> <span class='ocrx_word' id='word_1_22' title='bbox 1064 435 1123 478; x_wconf 61' lang='lat' dir='ltr'><strong>wa</strong></span> <span class='ocrx_word' id='word_1_23' title='bbox 1143 426 1340 484; x_wconf 81' lang='lat' dir='ltr'><strong>rationeiiiiter</strong></span> <span class='ocrx_word' id='word_1_24' title='bbox 1355 432 1396 484; x_wconf 90' lang='lat' dir='ltr'><strong>in·</strong></span> 
     </span>
    </p>
   </div>
   <div class='ocr_carea' id='block_1_3' title="bbox 26 503 1397 666">
    <p class='ocr_par' dir='ltr' id='par_1_3' title="bbox 26 503 1397 666">
     <span class='ocr_line' id='line_1_4' title="bbox 83 503 1397 578; baseline 0.006 -14"><span class='ocrx_word' id='word_1_25' title='bbox 83 523 156 578; x_wconf 76' lang='lat' dir='ltr'><strong>nequa</strong></span> <span class='ocrx_word' id='word_1_26' title='bbox 167 509 193 563; x_wconf 96' lang='lat' dir='ltr'><strong>in</strong></span> <span class='ocrx_word' id='word_1_27' title='bbox 204 507 331 562; x_wconf 78' lang='lat' dir='ltr'><strong>secunda</strong></span> <span class='ocrx_word' id='word_1_28' title='bbox 361 509 425 561; x_wconf 77' lang='lat' dir='ltr'><strong>dieta</strong></span> <span class='ocrx_word' id='word_1_29' title='bbox 436 503 552 572; x_wconf 60' lang='grc' dir='ltr'><strong>Μία</strong></span> <span class='ocrx_word' id='word_1_30' title='bbox 568 508 601 560; x_wconf 76' lang='lat' dir='ltr'><strong>tn</strong></span> <span class='ocrx_word' id='word_1_31' title='bbox 613 508 718 570; x_wconf 79' lang='lat' dir='ltr'><strong>peitate,</strong></span> <span class='ocrx_word' id='word_1_32' title='bbox 745 507 825 570; x_wconf 83' lang='lat' dir='ltr'><strong>uitus,</strong></span> <span class='ocrx_word' id='word_1_33' title='bbox 843 507 971 574; x_wconf 75' lang='lat' dir='ltr'><strong>siquiden</strong></span> <span class='ocrx_word' id='word_1_34' title='bbox 982 507 1039 562; x_wconf 92' lang='lat' dir='ltr'><strong>iiiia</strong></span> <span class='ocrx_word' id='word_1_35' title='bbox 1052 509 1154 575; x_wconf 77' lang='lat' dir='ltr'><strong>dature</strong></span> <span class='ocrx_word' id='word_1_36' title='bbox 1167 515 1280 568; x_wconf 86' lang='lat' dir='ltr'><strong>naturaii</strong></span> <span class='ocrx_word' id='word_1_37' title='bbox 1292 519 1397 572; x_wconf 88' lang='lat' dir='ltr'><strong>tenetur</strong></span> 
     </span>
     <span class='ocr_line' id='line_1_5' title="bbox 26 591 1396 666; baseline 0.004 -16"><span class='ocrx_word' id='word_1_38' title='bbox 26 605 28 618; x_wconf 74' lang='grc'>’</span> <span class='ocrx_word' id='word_1_39' title='bbox 83 591 600 666; x_wconf 74' lang='lat' dir='ltr'><strong>putaturuaententiancnnuninren</strong></span> <span class='ocrx_word' id='word_1_40' title='bbox 608 591 720 646; x_wconf 80' lang='lat' dir='ltr'><strong>materia</strong></span> <span class='ocrx_word' id='word_1_41' title='bbox 745 591 822 644; x_wconf 74' lang='lat' dir='ltr'><strong>rnatu</strong></span> <span class='ocrx_word' id='word_1_42' title='bbox 847 591 976 658; x_wconf 70' lang='lat' dir='ltr'><strong>indigenti</strong></span> <span class='ocrx_word' id='word_1_43' title='bbox 999 594 1148 652; x_wconf 76' lang='lat' dir='ltr'><strong>subvenire.</strong></span> <span class='ocrx_word' id='word_1_44' title='bbox 1186 599 1215 652; x_wconf 83' lang='lat' dir='ltr'><strong>iii</strong></span> <span class='ocrx_word' id='word_1_45' title='bbox 1241 612 1304 655; x_wconf 84' lang='lat' dir='ltr'><strong>reru</strong></span> <span class='ocrx_word' id='word_1_46' title='bbox 1328 603 1396 658; x_wconf 83' lang='lat' dir='ltr'><strong>buna</strong></span> 
     </span>
    </p>
   </div>
   <div class='ocr_carea' id='block_1_4' title="bbox 31 678 1400 4380">
    <p class='ocr_par' dir='ltr' id='par_1_4' title="bbox 31 678 1400 4380">
     <span class='ocr_line' id='line_1_6' title="bbox 82 678 1396 751; baseline 0.005 -13"><span class='ocrx_word' id='word_1_47' title='bbox 82 685 158 751; x_wconf 73' lang='lat' dir='ltr'><strong>peris</strong></span> <span class='ocrx_word' id='word_1_48' title='bbox 173 691 223 749; x_wconf 87' lang='lat' dir='ltr'><strong>pru</strong></span> <span class='ocrx_word' id='word_1_49' title='bbox 243 681 302 734; x_wconf 85' lang='lat' dir='ltr'><strong>iiiis</strong></span> <span class='ocrx_word' id='word_1_50' title='bbox 322 679 450 733; x_wconf 84' lang='lat' dir='ltr'><strong>ieuneetee</strong></span> <span class='ocrx_word' id='word_1_51' title='bbox 471 679 591 733; x_wconf 81' lang='lat' dir='ltr'><strong>terniiiea</strong></span> <span class='ocrx_word' id='word_1_52' title='bbox 614 679 721 732; x_wconf 75' lang='lat' dir='ltr'><strong>deberet</strong></span> <span class='ocrx_word' id='word_1_53' title='bbox 746 678 834 744; x_wconf 78' lang='lat' dir='ltr'><strong>dique</strong></span> <span class='ocrx_word' id='word_1_54' title='bbox 846 681 1050 744; x_wconf 63' lang='lat' dir='ltr'><strong>pertraheretur</strong></span> <span class='ocrx_word' id='word_1_55' title='bbox 1065 683 1183 750; x_wconf 80' lang='lat' dir='ltr'><strong>nuberet,</strong></span> <span class='ocrx_word' id='word_1_56' title='bbox 1204 697 1238 740; x_wconf 83' lang='lat' dir='ltr'><strong>ex</strong></span> <span class='ocrx_word' id='word_1_57' title='bbox 1255 687 1288 740; x_wconf 88' lang='lat' dir='ltr'><strong>iis</strong></span> <span class='ocrx_word' id='word_1_58' title='bbox 1301 690 1396 744; x_wconf 74' lang='lat' dir='ltr'><strong>Gera-</strong></span> 
     </span>
     <span class='ocr_line' id='line_1_7' title="bbox 81 764 1398 833; baseline 0.004 -8"><span class='ocrx_word' id='word_1_59' title='bbox 81 773 161 825; x_wconf 87' lang='lat' dir='ltr'><strong>saiten</strong></span> <span class='ocrx_word' id='word_1_60' title='bbox 187 769 282 822; x_wconf 87' lang='lat' dir='ltr'><strong>decena</strong></span> <span class='ocrx_word' id='word_1_61' title='bbox 308 767 414 821; x_wconf 85' lang='lat' dir='ltr'><strong>ireneus</strong></span> <span class='ocrx_word' id='word_1_62' title='bbox 438 765 600 832; x_wconf 75' lang='lat' dir='ltr'><strong>adaequere3</strong></span> <span class='ocrx_word' id='word_1_63' title='bbox 629 775 721 830; x_wconf 76' lang='lat' dir='ltr'><strong>napea</strong></span> <span class='ocrx_word' id='word_1_64' title='bbox 746 764 815 817; x_wconf 91' lang='lat' dir='ltr'><strong>aina</strong></span> <span class='ocrx_word' id='word_1_65' title='bbox 839 769 949 820; x_wconf 79' lang='lat' dir='ltr'><strong>metrani</strong></span> <span class='ocrx_word' id='word_1_66' title='bbox 975 767 1048 820; x_wconf 87' lang='lat' dir='ltr'><strong>eiare</strong></span> <span class='ocrx_word' id='word_1_67' title='bbox 1074 767 1189 825; x_wconf 84' lang='lat' dir='ltr'><strong>deberet.</strong></span> <span class='ocrx_word' id='word_1_68' title='bbox 1216 797 1251 812; x_wconf 92' lang='lat'><em>-</em></span> <span class='ocrx_word' id='word_1_69' title='bbox 1268 773 1398 833; x_wconf 66' lang='lat' dir='ltr'><strong>duania</strong></span> 
     </span>
     <span class='ocr_line' id='line_1_8' title="bbox 31 847 1082 921; baseline -0.006 -9"><span class='ocrx_word' id='word_1_70' title='bbox 31 917 34 921; x_wconf 66' lang='grc'>,</span> <span class='ocrx_word' id='word_1_71' title='bbox 81 861 107 912; x_wconf 86' lang='lat' dir='ltr'><strong>ta</strong></span> <span class='ocrx_word' id='word_1_72' title='bbox 120 853 248 912; x_wconf 73' lang='lat' dir='ltr'><strong>tecum</strong></span> <span class='ocrx_word' id='word_1_73' title='bbox 265 865 349 916; x_wconf 82' lang='lat' dir='ltr'><strong>caete,</strong></span> <span class='ocrx_word' id='word_1_74' title='bbox 367 853 444 918; x_wconf 76' lang='lat' dir='ltr'><strong>auia,</strong></span> <span class='ocrx_word' id='word_1_75' title='bbox 462 852 485 904; x_wconf 89' lang='lat' dir='ltr'><strong>si</strong></span> <span class='ocrx_word' id='word_1_76' title='bbox 502 852 670 918; x_wconf 79' lang='lat' dir='ltr'><strong>repuimntnr</strong></span> <span class='ocrx_word' id='word_1_77' title='bbox 687 847 721 901; x_wconf 87' lang='lat'><strong>10</strong></span> <span class='ocrx_word' id='word_1_78' title='bbox 747 849 766 902; x_wconf 87' lang='lat' dir='ltr'><strong>i.</strong></span> <span class='ocrx_word' id='word_1_79' title='bbox 787 854 817 904; x_wconf 82' lang='lat' dir='ltr'><strong>d.</strong></span> <span class='ocrx_word' id='word_1_80' title='bbox 836 862 869 914; x_wconf 78' lang='lat' dir='ltr'><strong>p.</strong></span> <span class='ocrx_word' id='word_1_81' title='bbox 891 852 918 905; x_wconf 79' lang='lat' dir='ltr'><strong>i.</strong></span> <span class='ocrx_word' id='word_1_82' title='bbox 939 865 967 906; x_wconf 85' lang='lat' dir='ltr'><strong>aa</strong></span> <span class='ocrx_word' id='word_1_83' title='bbox 990 853 1082 906; x_wconf 77' lang='lat'><strong><em>1025.</em></strong></span> 
     </span>
     <span class='ocr_line' id='line_1_9' title="bbox 81 935 1398 1004; baseline 0.005 -6"><span class='ocrx_word' id='word_1_84' title='bbox 81 943 151 998; x_wconf 82' lang='lat' dir='ltr'><strong>ranei</strong></span> <span class='ocrx_word' id='word_1_85' title='bbox 168 942 277 997; x_wconf 63' lang='lat' dir='ltr'><strong>writer</strong></span> <span class='ocrx_word' id='word_1_86' title='bbox 294 939 330 993; x_wconf 84' lang='lat' dir='ltr'><strong>ati</strong></span> <span class='ocrx_word' id='word_1_87' title='bbox 346 943 484 1002; x_wconf 82' lang='lat' dir='ltr'><strong>peccetun</strong></span> <span class='ocrx_word' id='word_1_88' title='bbox 502 949 583 1003; x_wconf 74' lang='lat' dir='ltr'><strong>praua</strong></span> <span class='ocrx_word' id='word_1_89' title='bbox 600 949 648 1004; x_wconf 89' lang='lat' dir='ltr'><strong>pru</strong></span> <span class='ocrx_word' id='word_1_90' title='bbox 663 938 720 993; x_wconf 83' lang='lat' dir='ltr'><strong>itu·</strong></span> <span class='ocrx_word' id='word_1_91' title='bbox 800 937 835 992; x_wconf 84' lang='lat' dir='ltr'><strong>ite</strong></span> <span class='ocrx_word' id='word_1_92' title='bbox 851 935 982 993; x_wconf 68' lang='lat' dir='ltr'><strong>twaede</strong></span> <span class='ocrx_word' id='word_1_93' title='bbox 998 951 1074 994; x_wconf 80' lang='lat' dir='ltr'><strong>caea</strong></span> <span class='ocrx_word' id='word_1_94' title='bbox 1091 941 1160 996; x_wconf 87' lang='lat' dir='ltr'><strong>idern</strong></span> <span class='ocrx_word' id='word_1_95' title='bbox 1178 945 1344 1002; x_wconf 82' lang='lat' dir='ltr'><strong>sentiendum</strong></span> <span class='ocrx_word' id='word_1_96' title='bbox 1356 955 1398 1004; x_wconf 85' lang='lat' dir='ltr'><strong>cet</strong></span> 
     </span>
     <span class='ocr_line' id='line_1_10' title="bbox 80 1022 1396 1097; baseline 0.004 -13"><span class='ocrx_word' id='word_1_97' title='bbox 80 1029 200 1092; x_wconf 85' lang='lat' dir='ltr'><strong>uarice,</strong></span> <span class='ocrx_word' id='word_1_98' title='bbox 228 1030 295 1082; x_wconf 78' lang='lat' dir='ltr'><strong>iicet</strong></span> <span class='ocrx_word' id='word_1_99' title='bbox 316 1025 394 1080; x_wconf 85' lang='lat' dir='ltr'><strong>unice</strong></span> <span class='ocrx_word' id='word_1_100' title='bbox 416 1023 476 1078; x_wconf 85' lang='lat' dir='ltr'><strong>rice</strong></span> <span class='ocrx_word' id='word_1_101' title='bbox 496 1026 565 1079; x_wconf 83' lang='lat' dir='ltr'><strong>nene</strong></span> <span class='ocrx_word' id='word_1_102' title='bbox 581 1023 720 1092; x_wconf 63' lang='lat' dir='ltr'><strong>paunteau</strong></span> <span class='ocrx_word' id='word_1_103' title='bbox 748 1022 781 1076; x_wconf 88' lang='lat' dir='ltr'><strong>de</strong></span> <span class='ocrx_word' id='word_1_104' title='bbox 798 1023 900 1078; x_wconf 78' lang='lat' dir='ltr'><strong>radone</strong></span> <span class='ocrx_word' id='word_1_105' title='bbox 918 1025 1013 1088; x_wconf 71' lang='lat' dir='ltr'><strong>ereutii</strong></span> <span class='ocrx_word' id='word_1_106' title='bbox 1033 1027 1213 1083; x_wconf 78' lang='lat' dir='ltr'><strong>Gereainee</strong></span> <span class='ocrx_word' id='word_1_107' title='bbox 1234 1043 1296 1097; x_wconf 73' lang='lat' dir='ltr'><strong>erpa</strong></span> <span class='ocrx_word' id='word_1_108' title='bbox 1314 1035 1396 1089; x_wconf 89' lang='lat' dir='ltr'><strong>iiiiunt</strong></span> 
     </span>
     <span class='ocr_line' id='line_1_11' title="bbox 81 1109 1397 1181; baseline 0.004 -11"><span class='ocrx_word' id='word_1_109' title='bbox 81 1117 212 1181; x_wconf 71' lang='lat' dir='ltr'><strong>eueniet,</strong></span> <span class='ocrx_word' id='word_1_110' title='bbox 237 1115 318 1169; x_wconf 76' lang='lat' dir='ltr'><strong>teian</strong></span> <span class='ocrx_word' id='word_1_111' title='bbox 341 1109 375 1164; x_wconf 78' lang='lat'><strong>15</strong></span> <span class='ocrx_word' id='word_1_112' title='bbox 398 1113 547 1165; x_wconf 83' lang='lat' dir='ltr'><strong>irencurnm</strong></span> <span class='ocrx_word' id='word_1_113' title='bbox 570 1111 677 1165; x_wconf 83' lang='lat' dir='ltr'><strong>circiter</strong></span> <span class='ocrx_word' id='word_1_114' title='bbox 692 1110 720 1162; x_wconf 92' lang='lat' dir='ltr'><strong>in</strong></span> <span class='ocrx_word' id='word_1_115' title='bbox 748 1121 781 1163; x_wconf 84' lang='lat' dir='ltr'><strong>ex</strong></span> <span class='ocrx_word' id='word_1_116' title='bbox 804 1111 890 1174; x_wconf 84' lang='lat' dir='ltr'><strong>primu</strong></span> <span class='ocrx_word' id='word_1_117' title='bbox 913 1112 1080 1166; x_wconf 78' lang='lat' dir='ltr'><strong>matrimonio</strong></span> <span class='ocrx_word' id='word_1_118' title='bbox 1105 1119 1195 1168; x_wconf 85' lang='lat' dir='ltr'><strong>neiuut</strong></span> <span class='ocrx_word' id='word_1_119' title='bbox 1219 1117 1252 1170; x_wconf 84' lang='lat' dir='ltr'><strong>uit</strong></span> <span class='ocrx_word' id='word_1_120' title='bbox 1276 1122 1397 1176; x_wconf 85' lang='lat' dir='ltr'><strong>eamden</strong></span> 
     </span>
     <span class='ocr_line' id='line_1_12' title="bbox 80 1196 1396 1264; baseline 0.002 -7"><span class='ocrx_word' id='word_1_121' title='bbox 80 1202 145 1256; x_wconf 85' lang='lat' dir='ltr'><strong>iuriis</strong></span> <span class='ocrx_word' id='word_1_122' title='bbox 161 1201 273 1256; x_wconf 86' lang='lat' dir='ltr'><strong>reinutis</strong></span> <span class='ocrx_word' id='word_1_123' title='bbox 291 1201 344 1253; x_wconf 94' lang='lat' dir='ltr'><strong>erit</strong></span> <span class='ocrx_word' id='word_1_124' title='bbox 360 1197 541 1264; x_wconf 77' lang='lat' dir='ltr'><strong>requirendus.</strong></span> <span class='ocrx_word' id='word_1_125' title='bbox 747 1196 893 1260; x_wconf 73' lang='lat' dir='ltr'><strong>mutuant,</strong></span> <span class='ocrx_word' id='word_1_126' title='bbox 916 1197 993 1252; x_wconf 86' lang='lat' dir='ltr'><strong>nodo</strong></span> <span class='ocrx_word' id='word_1_127' title='bbox 1011 1211 1064 1252; x_wconf 92' lang='lat' dir='ltr'><strong>uun</strong></span> <span class='ocrx_word' id='word_1_128' title='bbox 1089 1201 1202 1254; x_wconf 67' lang='lat' dir='ltr'><strong>needat</strong></span> <span class='ocrx_word' id='word_1_129' title='bbox 1218 1203 1396 1260; x_wconf 78' lang='lat' dir='ltr'><strong>subtrahendo</strong></span> 
     </span>
     <span class='ocr_line' id='line_1_13' title="bbox 122 1281 1395 1352; baseline 0.005 -12"><span class='ocrx_word' id='word_1_130' title='bbox 122 1283 151 1340; x_wconf 73' lang='lat' dir='ltr'><strong>i·</strong></span> <span class='ocrx_word' id='word_1_131' title='bbox 172 1288 329 1352; x_wconf 75' lang='lat' dir='ltr'><strong>pnirinns</strong></span> <span class='ocrx_word' id='word_1_132' title='bbox 354 1285 474 1352; x_wconf 74' lang='lat' dir='ltr'><strong>peccam</strong></span> <span class='ocrx_word' id='word_1_133' title='bbox 495 1284 612 1350; x_wconf 73' lang='lat' dir='ltr'><strong>muter</strong></span> <span class='ocrx_word' id='word_1_134' title='bbox 636 1285 721 1348; x_wconf 84' lang='lat' dir='ltr'><strong>priene</strong></span> <span class='ocrx_word' id='word_1_135' title='bbox 746 1281 816 1348; x_wconf 83' lang='lat' dir='ltr'><strong>pius,</strong></span> <span class='ocrx_word' id='word_1_136' title='bbox 834 1295 913 1349; x_wconf 83' lang='lat' dir='ltr'><strong>quana</strong></span> <span class='ocrx_word' id='word_1_137' title='bbox 925 1285 960 1336; x_wconf 89' lang='lat' dir='ltr'><strong>sit</strong></span> <span class='ocrx_word' id='word_1_138' title='bbox 971 1287 1146 1341; x_wconf 68' lang='lat' dir='ltr'><strong>necmeriun</strong></span> <span class='ocrx_word' id='word_1_139' title='bbox 1165 1290 1198 1341; x_wconf 91' lang='lat' dir='ltr'><strong>ed</strong></span> <span class='ocrx_word' id='word_1_140' title='bbox 1210 1293 1395 1347; x_wconf 78' lang='lat' dir='ltr'><strong>necessitatem</strong></span> 
     </span>
     <span class='ocr_line' id='line_1_14' title="bbox 80 1369 1396 1440; baseline 0.003 -13"><span class='ocrx_word' id='word_1_141' title='bbox 80 1374 128 1428; x_wconf 84' lang='lat' dir='ltr'><strong>tica</strong></span> <span class='ocrx_word' id='word_1_142' title='bbox 142 1373 219 1428; x_wconf 74' lang='lat' dir='ltr'><strong>aeuss</strong></span> <span class='ocrx_word' id='word_1_143' title='bbox 237 1375 346 1428; x_wconf 68' lang='lat' dir='ltr'><strong>irenem</strong></span> <span class='ocrx_word' id='word_1_144' title='bbox 362 1384 378 1425; x_wconf 92' lang='lat' dir='ltr'><strong>a</strong></span> <span class='ocrx_word' id='word_1_145' title='bbox 396 1370 503 1426; x_wconf 77' lang='lat' dir='ltr'><strong>(iunius</strong></span> <span class='ocrx_word' id='word_1_146' title='bbox 520 1370 674 1432; x_wconf 81' lang='lat' dir='ltr'><strong>auterendo,</strong></span> <span class='ocrx_word' id='word_1_147' title='bbox 692 1373 722 1422; x_wconf 88' lang='lat' dir='ltr'><strong>ni</strong></span> <span class='ocrx_word' id='word_1_148' title='bbox 747 1369 795 1422; x_wconf 93' lang='lat' dir='ltr'><strong>iiiii</strong></span> <span class='ocrx_word' id='word_1_149' title='bbox 813 1370 1019 1435; x_wconf 69' lang='lat' dir='ltr'><strong>sublevandam,</strong></span> <span class='ocrx_word' id='word_1_150' title='bbox 1042 1373 1172 1440; x_wconf 83' lang='lat' dir='ltr'><strong>sincipue</strong></span> <span class='ocrx_word' id='word_1_151' title='bbox 1196 1376 1293 1430; x_wconf 79' lang='lat' dir='ltr'><strong>naieet</strong></span> <span class='ocrx_word' id='word_1_152' title='bbox 1310 1378 1396 1432; x_wconf 91' lang='lat' dir='ltr'><strong>inien-</strong></span> 
     </span>
     <span class='ocr_line' id='line_1_15' title="bbox 80 1455 1395 1525; baseline 0.004 -10"><span class='ocrx_word' id='word_1_153' title='bbox 80 1464 142 1525; x_wconf 81' lang='lat' dir='ltr'><strong>petet</strong></span> <span class='ocrx_word' id='word_1_154' title='bbox 162 1459 351 1515; x_wconf 79' lang='lat' dir='ltr'><strong>extendentia</strong></span> <span class='ocrx_word' id='word_1_155' title='bbox 374 1459 505 1512; x_wconf 85' lang='lat' dir='ltr'><strong>cummuni</strong></span> <span class='ocrx_word' id='word_1_156' title='bbox 529 1456 719 1522; x_wconf 69' lang='lat' dir='ltr'><strong>ineuiusnruna.</strong></span> <span class='ocrx_word' id='word_1_157' title='bbox 747 1455 855 1520; x_wconf 80' lang='lat' dir='ltr'><strong>tionem,</strong></span> <span class='ocrx_word' id='word_1_158' title='bbox 870 1461 961 1520; x_wconf 86' lang='lat' dir='ltr'><strong>pustea</strong></span> <span class='ocrx_word' id='word_1_159' title='bbox 973 1462 1159 1524; x_wconf 82' lang='lat' dir='ltr'><strong>compensendi</strong></span> <span class='ocrx_word' id='word_1_160' title='bbox 1172 1463 1395 1520; x_wconf 81' lang='lat' dir='ltr'><strong>naeredeameriti</strong></span> 
     </span>
     <span class='ocr_line' id='line_1_16' title="bbox 80 1542 1395 1614; baseline 0.004 -14"><span class='ocrx_word' id='word_1_161' title='bbox 80 1559 122 1600; x_wconf 85' lang='lat' dir='ltr'><strong>nun</strong></span> <span class='ocrx_word' id='word_1_162' title='bbox 133 1560 194 1602; x_wconf 83' lang='lat' dir='ltr'><strong>reru</strong></span> <span class='ocrx_word' id='word_1_163' title='bbox 212 1548 241 1601; x_wconf 95' lang='lat' dir='ltr'><strong>in</strong></span> <span class='ocrx_word' id='word_1_164' title='bbox 261 1547 370 1601; x_wconf 82' lang='lat' dir='ltr'><strong>turtuiis</strong></span> <span class='ocrx_word' id='word_1_165' title='bbox 387 1548 458 1600; x_wconf 82' lang='lat' dir='ltr'><strong>circe</strong></span> <span class='ocrx_word' id='word_1_166' title='bbox 475 1545 610 1598; x_wconf 68' lang='lat' dir='ltr'><strong>muniente</strong></span> <span class='ocrx_word' id='word_1_167' title='bbox 625 1553 678 1606; x_wconf 80' lang='lat' dir='ltr'><strong>per</strong></span> <span class='ocrx_word' id='word_1_168' title='bbox 689 1553 722 1597; x_wconf 86' lang='lat' dir='ltr'><strong>sc</strong></span> <span class='ocrx_word' id='word_1_169' title='bbox 746 1543 803 1605; x_wconf 84' lang='lat' dir='ltr'><strong>sni,</strong></span> <span class='ocrx_word' id='word_1_170' title='bbox 831 1545 855 1596; x_wconf 91' lang='lat' dir='ltr'><strong>si</strong></span> <span class='ocrx_word' id='word_1_171' title='bbox 878 1543 936 1598; x_wconf 90' lang='lat' dir='ltr'><strong>iieri</strong></span> <span class='ocrx_word' id='word_1_172' title='bbox 959 1546 1043 1610; x_wconf 83' lang='lat' dir='ltr'><strong>possit</strong></span> <span class='ocrx_word' id='word_1_173' title='bbox 1065 1542 1112 1608; x_wconf 57' lang='grc' dir='ltr'>(Ι).</span> <span class='ocrx_word' id='word_1_174' title='bbox 1150 1547 1201 1601; x_wconf 86' lang='lat' dir='ltr'><strong>sed</strong></span> <span class='ocrx_word' id='word_1_175' title='bbox 1228 1554 1334 1614; x_wconf 83' lang='lat' dir='ltr'><strong>eareat,</strong></span> <span class='ocrx_word' id='word_1_176' title='bbox 1360 1563 1395 1606; x_wconf 92' lang='lat' dir='ltr'><strong>ne</strong></span> 
     </span>
     <span class='ocr_line' id='line_1_17' title="bbox 80 1631 1396 1700; baseline 0.002 -10"><span class='ocrx_word' id='word_1_177' title='bbox 80 1633 220 1700; x_wconf 63' lang='lat' dir='ltr'><strong>dependo,</strong></span> <span class='ocrx_word' id='word_1_178' title='bbox 241 1638 274 1688; x_wconf 89' lang='lat' dir='ltr'><strong>nt</strong></span> <span class='ocrx_word' id='word_1_179' title='bbox 292 1645 326 1688; x_wconf 84' lang='lat' dir='ltr'><strong>ex</strong></span> <span class='ocrx_word' id='word_1_180' title='bbox 344 1631 420 1686; x_wconf 86' lang='lat' dir='ltr'><strong>dictis</strong></span> <span class='ocrx_word' id='word_1_181' title='bbox 437 1635 556 1696; x_wconf 86' lang='lat' dir='ltr'><strong>apertum</strong></span> <span class='ocrx_word' id='word_1_182' title='bbox 574 1633 622 1684; x_wconf 78' lang='lat' dir='ltr'><strong>eet</strong></span> <span class='ocrx_word' id='word_1_183' title='bbox 746 1639 827 1682; x_wconf 81' lang='lat' dir='ltr'><strong>caece</strong></span> <span class='ocrx_word' id='word_1_184' title='bbox 844 1640 934 1683; x_wconf 83' lang='lat' dir='ltr'><strong>enuere</strong></span> <span class='ocrx_word' id='word_1_185' title='bbox 951 1631 1030 1684; x_wconf 84' lang='lat' dir='ltr'><strong>duete</strong></span> <span class='ocrx_word' id='word_1_186' title='bbox 1048 1639 1152 1696; x_wconf 83' lang='lat' dir='ltr'><strong>praeter</strong></span> <span class='ocrx_word' id='word_1_187' title='bbox 1170 1635 1205 1700; x_wconf 89' lang='lat' dir='ltr'><strong>id,</strong></span> <span class='ocrx_word' id='word_1_188' title='bbox 1225 1637 1293 1700; x_wconf 78' lang='lat' dir='ltr'><strong>quod</strong></span> <span class='ocrx_word' id='word_1_189' title='bbox 1305 1649 1396 1692; x_wconf 84' lang='lat' dir='ltr'><strong>necea·</strong></span> 
     </span>
     <span class='ocr_line' id='line_1_18' title="bbox 279 1715 1397 1874; baseline 0.01 -21"><span class='ocrx_word' id='word_1_190' title='bbox 279 1765 428 1838; x_wconf 69' lang='lat' dir='ltr'><strong>niens</strong></span> <span class='ocrx_word' id='word_1_191' title='bbox 450 1763 512 1832; x_wconf 73' lang='lat' dir='ltr'><strong>nv.</strong></span> <span class='ocrx_word' id='word_1_192' title='bbox 747 1715 1180 1867; x_wconf 56' lang='lat' dir='ltr'><strong>iiiiei‘niiiiiiii</strong></span> <span class='ocrx_word' id='word_1_193' title='bbox 1199 1729 1397 1874; x_wconf 43' lang='lat' dir='ltr'><strong>iiiiii</strong></span> 
     </span>
     <span class='ocr_line' id='line_1_19' title="bbox 231 1881 1397 1952; baseline 0.011 -14"><span class='ocrx_word' id='word_1_194' title='bbox 231 1885 274 1938; x_wconf 67' lang='grc' dir='ltr'><strong>οἱ</strong></span> <span class='ocrx_word' id='word_1_195' title='bbox 292 1882 401 1938; x_wconf 82' lang='lat' dir='ltr'><strong>iiiiiiis</strong></span> <span class='ocrx_word' id='word_1_196' title='bbox 418 1881 555 1936; x_wconf 83' lang='lat' dir='ltr'><strong>iiiioiiiiii.</strong></span> <span class='ocrx_word' id='word_1_197' title='bbox 746 1885 883 1952; x_wconf 91' lang='lat' dir='ltr'><strong>spiendide</strong></span> <span class='ocrx_word' id='word_1_198' title='bbox 906 1887 1035 1944; x_wconf 84' lang='lat' dir='ltr'><strong>vestiatur</strong></span> <span class='ocrx_word' id='word_1_199' title='bbox 1055 1885 1105 1952; x_wconf 60' lang='grc' dir='ltr'><strong>ι’).</strong></span> <span class='ocrx_word' id='word_1_200' title='bbox 1141 1893 1223 1946; x_wconf 86' lang='lat' dir='ltr'><strong>secus</strong></span> <span class='ocrx_word' id='word_1_201' title='bbox 1247 1897 1316 1950; x_wconf 85' lang='lat' dir='ltr'><strong>enine</strong></span> <span class='ocrx_word' id='word_1_202' title='bbox 1341 1909 1397 1950; x_wconf 87' lang='lat' dir='ltr'><strong>nau·</strong></span> 
     </span>
     <span class='ocr_line' id='line_1_20' title="bbox 282 1973 1400 2040; baseline 0.007 -9"><span class='ocrx_word' id='word_1_203' title='bbox 282 1979 358 2031; x_wconf 74' lang='lat' dir='ltr'><strong>lieet</strong></span> <span class='ocrx_word' id='word_1_204' title='bbox 377 1973 513 2040; x_wconf 80' lang='lat' dir='ltr'><strong>procide.</strong></span> <span class='ocrx_word' id='word_1_205' title='bbox 747 1975 812 2026; x_wconf 86' lang='lat' dir='ltr'><strong>ritus</strong></span> <span class='ocrx_word' id='word_1_206' title='bbox 830 1974 1025 2030; x_wconf 85' lang='lat' dir='ltr'><strong>raiieuaitiiiter</strong></span> <span class='ocrx_word' id='word_1_207' title='bbox 1041 1977 1140 2031; x_wconf 85' lang='lat' dir='ltr'><strong>invitus</strong></span> <span class='ocrx_word' id='word_1_208' title='bbox 1162 1978 1246 2034; x_wconf 89' lang='lat' dir='ltr'><strong>iieret.</strong></span> <span class='ocrx_word' id='word_1_209' title='bbox 1266 2009 1301 2020; x_wconf 96' lang='lat'>-</span> <span class='ocrx_word' id='word_1_210' title='bbox 1318 1981 1400 2039; x_wconf 72' lang='lat' dir='ltr'><strong>addet</strong></span> 
     </span>
     <span class='ocr_line' id='line_1_21' title="bbox 124 2061 870 2130; baseline -0.008 -12"><span class='ocrx_word' id='word_1_211' title='bbox 124 2063 296 2130; x_wconf 76' lang='lat' dir='ltr'><strong>derasina,</strong></span> <span class='ocrx_word' id='word_1_212' title='bbox 322 2075 391 2118; x_wconf 83' lang='lat' dir='ltr'><strong>uxor</strong></span> <span class='ocrx_word' id='word_1_213' title='bbox 407 2061 587 2126; x_wconf 79' lang='lat' dir='ltr'><strong>indomiti,</strong></span> <span class='ocrx_word' id='word_1_214' title='bbox 613 2061 662 2114; x_wconf 78' lang='lat' dir='ltr'><strong>uiti</strong></span> <span class='ocrx_word' id='word_1_215' title='bbox 681 2061 720 2114; x_wconf 85' lang='lat' dir='ltr'><strong>di·</strong></span> <span class='ocrx_word' id='word_1_216' title='bbox 747 2071 777 2114; x_wconf 84' lang='lat' dir='ltr'><strong>u.</strong></span> <span class='ocrx_word' id='word_1_217' title='bbox 797 2061 870 2113; x_wconf 79' lang='lat'><strong><em>273.</em></strong></span> 
     </span>
     <span class='ocr_line' id='line_1_22' title="bbox 81 2143 1398 2217; baseline 0.006 -15"><span class='ocrx_word' id='word_1_218' title='bbox 81 2150 130 2202; x_wconf 78' lang='lat' dir='ltr'><strong>tide</strong></span> <span class='ocrx_word' id='word_1_219' title='bbox 146 2151 273 2217; x_wconf 76' lang='lat' dir='ltr'><strong>uuidere,</strong></span> <span class='ocrx_word' id='word_1_220' title='bbox 299 2150 347 2202; x_wconf 92' lang='lat' dir='ltr'><strong>sed</strong></span> <span class='ocrx_word' id='word_1_221' title='bbox 371 2148 471 2202; x_wconf 86' lang='lat' dir='ltr'><strong>austeri</strong></span> <span class='ocrx_word' id='word_1_222' title='bbox 494 2155 522 2203; x_wconf 90' lang='lat' dir='ltr'><strong>at</strong></span> <span class='ocrx_word' id='word_1_223' title='bbox 544 2149 661 2210; x_wconf 78' lang='lat' dir='ltr'><strong>temeis,</strong></span> <span class='ocrx_word' id='word_1_224' title='bbox 686 2159 720 2200; x_wconf 90' lang='lat' dir='ltr'><strong>ne</strong></span> <span class='ocrx_word' id='word_1_225' title='bbox 798 2143 860 2198; x_wconf 87' lang='lat'><strong>561.</strong></span> <span class='ocrx_word' id='word_1_226' title='bbox 878 2171 912 2184; x_wconf 94' lang='lat'>-</span> <span class='ocrx_word' id='word_1_227' title='bbox 931 2147 967 2202; x_wconf 83' lang='lat' dir='ltr'><strong>Ite</strong></span> <span class='ocrx_word' id='word_1_228' title='bbox 989 2151 1075 2204; x_wconf 81' lang='lat' dir='ltr'><strong>tertio</strong></span> <span class='ocrx_word' id='word_1_229' title='bbox 1099 2162 1175 2206; x_wconf 80' lang='lat' dir='ltr'><strong>catat</strong></span> <span class='ocrx_word' id='word_1_230' title='bbox 1198 2153 1307 2216; x_wconf 85' lang='lat' dir='ltr'><strong>previde</strong></span> <span class='ocrx_word' id='word_1_231' title='bbox 1330 2167 1398 2214; x_wconf 88' lang='lat' dir='ltr'><strong>ueer</strong></span> 
     </span>
     <span class='ocr_line' id='line_1_23' title="bbox 82 2233 1396 2310; baseline 0.005 -21"><span class='ocrx_word' id='word_1_232' title='bbox 82 2237 151 2291; x_wconf 89' lang='lat' dir='ltr'><strong>dican</strong></span> <span class='ocrx_word' id='word_1_233' title='bbox 168 2239 259 2301; x_wconf 81' lang='lat' dir='ltr'><strong>erari,</strong></span> <span class='ocrx_word' id='word_1_234' title='bbox 282 2247 331 2290; x_wconf 85' lang='lat' dir='ltr'><strong>sut</strong></span> <span class='ocrx_word' id='word_1_235' title='bbox 348 2236 443 2290; x_wconf 80' lang='lat' dir='ltr'><strong>iutuitu</strong></span> <span class='ocrx_word' id='word_1_236' title='bbox 461 2235 530 2288; x_wconf 87' lang='lat' dir='ltr'><strong>tiene</strong></span> <span class='ocrx_word' id='word_1_237' title='bbox 547 2238 576 2288; x_wconf 88' lang='lat' dir='ltr'><strong>et</strong></span> <span class='ocrx_word' id='word_1_238' title='bbox 591 2233 719 2300; x_wconf 84' lang='lat' dir='ltr'><strong>paulatim</strong></span> <span class='ocrx_word' id='word_1_239' title='bbox 747 2243 799 2286; x_wconf 89' lang='lat' dir='ltr'><strong>non</strong></span> <span class='ocrx_word' id='word_1_240' title='bbox 825 2233 904 2287; x_wconf 87' lang='lat' dir='ltr'><strong>ieciie</strong></span> <span class='ocrx_word' id='word_1_241' title='bbox 934 2236 1084 2288; x_wconf 86' lang='lat' dir='ltr'><strong>ercusende</strong></span> <span class='ocrx_word' id='word_1_242' title='bbox 1114 2241 1171 2302; x_wconf 84' lang='lat' dir='ltr'><strong>est,</strong></span> <span class='ocrx_word' id='word_1_243' title='bbox 1203 2242 1300 2307; x_wconf 81' lang='lat' dir='ltr'><strong>quippe</strong></span> <span class='ocrx_word' id='word_1_244' title='bbox 1328 2257 1396 2310; x_wconf 86' lang='lat' dir='ltr'><strong>quae</strong></span> 
     </span>
     <span class='ocr_line' id='line_1_24' title="bbox 82 2317 1397 2385; baseline 0.007 -9"><span class='ocrx_word' id='word_1_245' title='bbox 82 2325 191 2385; x_wconf 68' lang='lat' dir='ltr'><strong>pannias</strong></span> <span class='ocrx_word' id='word_1_246' title='bbox 208 2323 342 2378; x_wconf 77' lang='lat' dir='ltr'><strong>subtreidi</strong></span> <span class='ocrx_word' id='word_1_247' title='bbox 359 2317 389 2373; x_wconf 89' lang='lat'><strong>1·</strong></span> <span class='ocrx_word' id='word_1_248' title='bbox 407 2321 440 2374; x_wconf 88' lang='lat' dir='ltr'><strong>eti</strong></span> <span class='ocrx_word' id='word_1_249' title='bbox 464 2323 586 2376; x_wconf 87' lang='lat' dir='ltr'><strong>eiendarn</strong></span> <span class='ocrx_word' id='word_1_250' title='bbox 609 2325 719 2374; x_wconf 71' lang='lat' dir='ltr'><strong>ineman</strong></span> <span class='ocrx_word' id='word_1_251' title='bbox 747 2319 844 2371; x_wconf 87' lang='lat' dir='ltr'><strong>iimites</strong></span> <span class='ocrx_word' id='word_1_252' title='bbox 867 2321 1022 2384; x_wconf 88' lang='lat' dir='ltr'><strong>prudentiae</strong></span> <span class='ocrx_word' id='word_1_253' title='bbox 1050 2323 1181 2378; x_wconf 82' lang='lat' dir='ltr'><strong>numanae</strong></span> <span class='ocrx_word' id='word_1_254' title='bbox 1208 2329 1321 2382; x_wconf 74' lang='lat' dir='ltr'><strong>excessit</strong></span> <span class='ocrx_word' id='word_1_255' title='bbox 1346 2343 1397 2385; x_wconf 89' lang='lat' dir='ltr'><strong>nec</strong></span> 
     </span>
     <span class='ocr_line' id='line_1_25' title="bbox 84 2405 1396 2481; baseline 0.009 -21"><span class='ocrx_word' id='word_1_256' title='bbox 84 2409 145 2464; x_wconf 81' lang='lat' dir='ltr'><strong>aeide</strong></span> <span class='ocrx_word' id='word_1_257' title='bbox 165 2421 313 2476; x_wconf 83' lang='lat' dir='ltr'><strong>pauperem</strong></span> <span class='ocrx_word' id='word_1_258' title='bbox 337 2422 368 2463; x_wconf 87' lang='lat' dir='ltr'><strong>aa</strong></span> <span class='ocrx_word' id='word_1_259' title='bbox 391 2408 530 2472; x_wconf 83' lang='lat' dir='ltr'><strong>miserere,</strong></span> <span class='ocrx_word' id='word_1_260' title='bbox 558 2409 622 2462; x_wconf 87' lang='lat' dir='ltr'><strong>iieet</strong></span> <span class='ocrx_word' id='word_1_261' title='bbox 643 2407 719 2470; x_wconf 83' lang='lat' dir='ltr'><strong>sciet,</strong></span> <span class='ocrx_word' id='word_1_262' title='bbox 746 2405 811 2457; x_wconf 86' lang='lat' dir='ltr'><strong>satis</strong></span> <span class='ocrx_word' id='word_1_263' title='bbox 830 2407 1011 2469; x_wconf 82' lang='lat' dir='ltr'><strong>prouidentiae</strong></span> <span class='ocrx_word' id='word_1_264' title='bbox 1028 2408 1135 2464; x_wconf 76' lang='lat' dir='ltr'><strong>divinae</strong></span> <span class='ocrx_word' id='word_1_265' title='bbox 1158 2413 1273 2469; x_wconf 83' lang='lat' dir='ltr'><strong>aunddit</strong></span> <span class='ocrx_word' id='word_1_266' title='bbox 1311 2418 1396 2481; x_wconf 72' lang='lat' dir='ltr'><strong>onere</strong></span> 
     </span>
     <span class='ocr_line' id='line_1_26' title="bbox 83 2493 1397 2568; baseline 0.008 -19"><span class='ocrx_word' id='word_1_267' title='bbox 83 2497 187 2552; x_wconf 75' lang='lat' dir='ltr'><strong>unimur</strong></span> <span class='ocrx_word' id='word_1_268' title='bbox 206 2499 259 2552; x_wconf 84' lang='lat' dir='ltr'><strong>iaec</strong></span> <span class='ocrx_word' id='word_1_269' title='bbox 277 2496 423 2561; x_wconf 72' lang='lat' dir='ltr'><strong>aegerrime</strong></span> <span class='ocrx_word' id='word_1_270' title='bbox 440 2496 566 2558; x_wconf 84' lang='lat' dir='ltr'><strong>tetemet,</strong></span> <span class='ocrx_word' id='word_1_271' title='bbox 584 2495 607 2547; x_wconf 91' lang='lat' dir='ltr'><strong>ai</strong></span> <span class='ocrx_word' id='word_1_272' title='bbox 624 2503 721 2557; x_wconf 69' lang='lat' dir='ltr'><strong>eugun-</strong></span> <span class='ocrx_word' id='word_1_273' title='bbox 746 2493 816 2544; x_wconf 88' lang='lat' dir='ltr'><strong>eniru</strong></span> <span class='ocrx_word' id='word_1_274' title='bbox 830 2497 903 2546; x_wconf 69' lang='lat' dir='ltr'><strong>unta</strong></span> <span class='ocrx_word' id='word_1_275' title='bbox 914 2493 1094 2550; x_wconf 87' lang='lat' dir='ltr'><strong>euiiiaiiuuine</strong></span> <span class='ocrx_word' id='word_1_276' title='bbox 1106 2509 1153 2563; x_wconf 88' lang='lat' dir='ltr'><strong>pru</strong></span> <span class='ocrx_word' id='word_1_277' title='bbox 1166 2499 1267 2556; x_wconf 85' lang='lat' dir='ltr'><strong>incestu</strong></span> <span class='ocrx_word' id='word_1_278' title='bbox 1280 2507 1397 2568; x_wconf 84' lang='lat' dir='ltr'><strong>tempure</strong></span> 
     </span>
     <span class='ocr_line' id='line_1_27' title="bbox 82 2578 1396 2654; baseline 0.006 -18"><span class='ocrx_word' id='word_1_279' title='bbox 82 2591 164 2648; x_wconf 73' lang='lat' dir='ltr'><strong>secter,</strong></span> <span class='ocrx_word' id='word_1_280' title='bbox 188 2579 220 2634; x_wconf 78' lang='lat'><strong>2·</strong></span> <span class='ocrx_word' id='word_1_281' title='bbox 244 2583 281 2637; x_wconf 89' lang='lat' dir='ltr'><strong>ed</strong></span> <span class='ocrx_word' id='word_1_282' title='bbox 304 2583 416 2636; x_wconf 69' lang='lat' dir='ltr'><strong>inmte</strong></span> <span class='ocrx_word' id='word_1_283' title='bbox 439 2582 603 2638; x_wconf 74' lang='lat' dir='ltr'><strong>vestiendum</strong></span> <span class='ocrx_word' id='word_1_284' title='bbox 626 2578 720 2642; x_wconf 76' lang='lat' dir='ltr'><strong>fliium,</strong></span> <span class='ocrx_word' id='word_1_285' title='bbox 747 2579 879 2645; x_wconf 75' lang='lat' dir='ltr'><strong>providet,</strong></span> <span class='ocrx_word' id='word_1_286' title='bbox 903 2581 972 2635; x_wconf 81' lang='lat' dir='ltr'><strong>duna</strong></span> <span class='ocrx_word' id='word_1_287' title='bbox 990 2593 1042 2635; x_wconf 89' lang='lat' dir='ltr'><strong>nun</strong></span> <span class='ocrx_word' id='word_1_288' title='bbox 1059 2596 1109 2638; x_wconf 83' lang='lat' dir='ltr'><strong>sua</strong></span> <span class='ocrx_word' id='word_1_289' title='bbox 1126 2588 1295 2650; x_wconf 84' lang='lat' dir='ltr'><strong>seponendut</strong></span> <span class='ocrx_word' id='word_1_290' title='bbox 1329 2593 1396 2654; x_wconf 80' lang='lat' dir='ltr'><strong>ons·</strong></span> 
     </span>
     <span class='ocr_line' id='line_1_28' title="bbox 82 2665 1395 2740; baseline 0.008 -20"><span class='ocrx_word' id='word_1_291' title='bbox 82 2679 144 2730; x_wconf 84' lang='lat' dir='ltr'><strong>pren</strong></span> <span class='ocrx_word' id='word_1_292' title='bbox 172 2683 206 2724; x_wconf 81' lang='lat' dir='ltr'><strong>er</strong></span> <span class='ocrx_word' id='word_1_293' title='bbox 235 2669 320 2736; x_wconf 85' lang='lat' dir='ltr'><strong>peiuri</strong></span> <span class='ocrx_word' id='word_1_294' title='bbox 349 2671 516 2723; x_wconf 81' lang='lat' dir='ltr'><strong>matrimonio</strong></span> <span class='ocrx_word' id='word_1_295' title='bbox 545 2667 642 2730; x_wconf 82' lang='lat' dir='ltr'><strong>nabet,</strong></span> <span class='ocrx_word' id='word_1_296' title='bbox 677 2665 719 2718; x_wconf 87' lang='lat' dir='ltr'><strong>eui</strong></span> <span class='ocrx_word' id='word_1_297' title='bbox 747 2665 823 2718; x_wconf 79' lang='lat' dir='ltr'><strong>nouo</strong></span> <span class='ocrx_word' id='word_1_298' title='bbox 839 2665 889 2720; x_wconf 84' lang='lat' dir='ltr'><strong>seit</strong></span> <span class='ocrx_word' id='word_1_299' title='bbox 907 2669 978 2733; x_wconf 87' lang='lat' dir='ltr'><strong>ipsa,</strong></span> <span class='ocrx_word' id='word_1_300' title='bbox 1004 2681 1034 2722; x_wconf 87' lang='lat' dir='ltr'><strong>se</strong></span> <span class='ocrx_word' id='word_1_301' title='bbox 1051 2681 1104 2724; x_wconf 88' lang='lat' dir='ltr'><strong>nun</strong></span> <span class='ocrx_word' id='word_1_302' title='bbox 1128 2673 1223 2727; x_wconf 84' lang='lat' dir='ltr'><strong>merito</strong></span> <span class='ocrx_word' id='word_1_303' title='bbox 1238 2675 1324 2740; x_wconf 89' lang='lat' dir='ltr'><strong>priua,</strong></span> <span class='ocrx_word' id='word_1_304' title='bbox 1348 2679 1395 2730; x_wconf 88' lang='lat' dir='ltr'><strong>sed</strong></span> 
     </span>
     <span class='ocr_line' id='line_1_29' title="bbox 80 2753 1395 2821; baseline 0.009 -17"><span class='ocrx_word' id='word_1_305' title='bbox 80 2755 175 2810; x_wconf 82' lang='lat' dir='ltr'><strong>uariare</strong></span> <span class='ocrx_word' id='word_1_306' title='bbox 199 2764 309 2821; x_wconf 87' lang='lat' dir='ltr'><strong>preeter</strong></span> <span class='ocrx_word' id='word_1_307' title='bbox 338 2754 464 2809; x_wconf 89' lang='lat' dir='ltr'><strong>aiirnenta</strong></span> <span class='ocrx_word' id='word_1_308' title='bbox 494 2753 645 2808; x_wconf 85' lang='lat' dir='ltr'><strong>necessarie</strong></span> <span class='ocrx_word' id='word_1_309' title='bbox 674 2753 720 2807; x_wconf 84' lang='lat' dir='ltr'><strong>uix</strong></span> <span class='ocrx_word' id='word_1_310' title='bbox 745 2753 829 2806; x_wconf 84' lang='lat' dir='ltr'><strong>nuitn</strong></span> <span class='ocrx_word' id='word_1_311' title='bbox 853 2755 983 2817; x_wconf 83' lang='lat' dir='ltr'><strong>posterius</strong></span> <span class='ocrx_word' id='word_1_312' title='bbox 1009 2756 1081 2810; x_wconf 83' lang='lat' dir='ltr'><strong>ritee</strong></span> <span class='ocrx_word' id='word_1_313' title='bbox 1107 2758 1295 2814; x_wconf 85' lang='lat' dir='ltr'><strong>reiedtaturam</strong></span> <span class='ocrx_word' id='word_1_314' title='bbox 1319 2764 1395 2816; x_wconf 84' lang='lat' dir='ltr'><strong>esset</strong></span> 
     </span>
     <span class='ocr_line' id='line_1_30' title="bbox 82 2836 1393 2912; baseline 0.005 -18"><span class='ocrx_word' id='word_1_315' title='bbox 82 2839 169 2906; x_wconf 78' lang='lat' dir='ltr'><strong>diauid</strong></span> <span class='ocrx_word' id='word_1_316' title='bbox 190 2841 268 2898; x_wconf 89' lang='lat' dir='ltr'><strong>aiiud</strong></span> <span class='ocrx_word' id='word_1_317' title='bbox 292 2843 351 2896; x_wconf 85' lang='lat' dir='ltr'><strong>ruit</strong></span> <span class='ocrx_word' id='word_1_318' title='bbox 372 2843 533 2909; x_wconf 71' lang='lat' dir='ltr'><strong>cuucedarep</strong></span> <span class='ocrx_word' id='word_1_319' title='bbox 558 2836 589 2893; x_wconf 76' lang='lat' dir='ltr'><strong>a·</strong></span> <span class='ocrx_word' id='word_1_320' title='bbox 611 2840 644 2892; x_wconf 91' lang='lat' dir='ltr'><strong>ed</strong></span> <span class='ocrx_word' id='word_1_321' title='bbox 668 2839 719 2894; x_wconf 82' lang='lat' dir='ltr'><strong>siiti</strong></span> <span class='ocrx_word' id='word_1_322' title='bbox 745 2841 865 2893; x_wconf 77' lang='lat' dir='ltr'><strong>ettamen</strong></span> <span class='ocrx_word' id='word_1_323' title='bbox 882 2840 1050 2905; x_wconf 83' lang='lat' dir='ltr'><strong>eiipnatenns</strong></span> <span class='ocrx_word' id='word_1_324' title='bbox 1066 2842 1255 2910; x_wconf 75' lang='lat' dir='ltr'><strong>indulgendum</strong></span> <span class='ocrx_word' id='word_1_325' title='bbox 1273 2847 1298 2899; x_wconf 93' lang='lat' dir='ltr'><strong>ei</strong></span> <span class='ocrx_word' id='word_1_326' title='bbox 1316 2847 1393 2912; x_wconf 81' lang='lat' dir='ltr'><strong>iuret,</strong></span> 
     </span>
     <span class='ocr_line' id='line_1_31' title="bbox 80 2926 1397 2996; baseline 0.002 -10"><span class='ocrx_word' id='word_1_327' title='bbox 80 2928 259 2986; x_wconf 73' lang='lat' dir='ltr'><strong>inridendum</strong></span> <span class='ocrx_word' id='word_1_328' title='bbox 277 2937 330 2994; x_wconf 76' lang='lat' dir='ltr'><strong>pre</strong></span> <span class='ocrx_word' id='word_1_329' title='bbox 352 2930 451 2982; x_wconf 85' lang='lat' dir='ltr'><strong>iuturn.</strong></span> <span class='ocrx_word' id='word_1_330' title='bbox 492 2931 556 2984; x_wconf 88' lang='lat' dir='ltr'><strong>cunt</strong></span> <span class='ocrx_word' id='word_1_331' title='bbox 579 2927 650 2980; x_wconf 88' lang='lat' dir='ltr'><strong>enine</strong></span> <span class='ocrx_word' id='word_1_332' title='bbox 673 2926 719 2980; x_wconf 86' lang='lat' dir='ltr'><strong>de-</strong></span> <span class='ocrx_word' id='word_1_333' title='bbox 744 2926 768 2977; x_wconf 91' lang='lat' dir='ltr'><strong>si</strong></span> <span class='ocrx_word' id='word_1_334' title='bbox 785 2927 894 2980; x_wconf 88' lang='lat' dir='ltr'><strong>maritus</strong></span> <span class='ocrx_word' id='word_1_335' title='bbox 911 2934 982 2982; x_wconf 86' lang='lat' dir='ltr'><strong>esset</strong></span> <span class='ocrx_word' id='word_1_336' title='bbox 998 2931 1082 2982; x_wconf 84' lang='lat' dir='ltr'><strong>inuiis</strong></span> <span class='ocrx_word' id='word_1_337' title='bbox 1099 2929 1202 2996; x_wconf 83' lang='lat' dir='ltr'><strong>senior,</strong></span> <span class='ocrx_word' id='word_1_338' title='bbox 1221 2932 1347 2996; x_wconf 83' lang='lat' dir='ltr'><strong>iniirrnus,</strong></span> <span class='ocrx_word' id='word_1_339' title='bbox 1368 2941 1397 2988; x_wconf 87' lang='lat' dir='ltr'><strong>et</strong></span> 
     </span>
     <span class='ocr_line' id='line_1_32' title="bbox 81 3013 1395 3083; baseline 0.008 -19"><span class='ocrx_word' id='word_1_340' title='bbox 81 3019 124 3064; x_wconf 88' lang='lat' dir='ltr'><strong>teu</strong></span> <span class='ocrx_word' id='word_1_341' title='bbox 150 3016 229 3070; x_wconf 86' lang='lat' dir='ltr'><strong>ueide</strong></span> <span class='ocrx_word' id='word_1_342' title='bbox 260 3017 383 3080; x_wconf 72' lang='lat' dir='ltr'><strong>exiguam</strong></span> <span class='ocrx_word' id='word_1_343' title='bbox 413 3015 545 3070; x_wconf 82' lang='lat' dir='ltr'><strong>attulisset</strong></span> <span class='ocrx_word' id='word_1_344' title='bbox 573 3026 622 3068; x_wconf 93' lang='lat' dir='ltr'><strong>nec</strong></span> <span class='ocrx_word' id='word_1_345' title='bbox 651 3013 720 3066; x_wconf 88' lang='lat' dir='ltr'><strong>iiiius</strong></span> <span class='ocrx_word' id='word_1_346' title='bbox 743 3013 768 3065; x_wconf 87' lang='lat' dir='ltr'><strong>si</strong></span> <span class='ocrx_word' id='word_1_347' title='bbox 794 3019 943 3078; x_wconf 70' lang='lat' dir='ltr'><strong>constent,</strong></span> <span class='ocrx_word' id='word_1_348' title='bbox 974 3025 1033 3068; x_wconf 84' lang='lat' dir='ltr'><strong>eunt</strong></span> <span class='ocrx_word' id='word_1_349' title='bbox 1064 3015 1131 3068; x_wconf 80' lang='lat' dir='ltr'><strong>ninii</strong></span> <span class='ocrx_word' id='word_1_350' title='bbox 1161 3017 1236 3070; x_wconf 84' lang='lat' dir='ltr'><strong>nruri</strong></span> <span class='ocrx_word' id='word_1_351' title='bbox 1265 3018 1395 3083; x_wconf 71' lang='lat' dir='ltr'><strong>indiaenti</strong></span> 
     </span>
     <span class='ocr_line' id='line_1_33' title="bbox 81 3099 1396 3167; baseline 0.006 -16"><span class='ocrx_word' id='word_1_352' title='bbox 81 3107 107 3151; x_wconf 87' lang='lat' dir='ltr'><strong>er</strong></span> <span class='ocrx_word' id='word_1_353' title='bbox 121 3099 289 3158; x_wconf 79' lang='lat' dir='ltr'><strong>inuenire</strong></span> <span class='ocrx_word' id='word_1_354' title='bbox 306 3102 430 3166; x_wconf 77' lang='lat' dir='ltr'><strong>deberet,</strong></span> <span class='ocrx_word' id='word_1_355' title='bbox 455 3105 547 3166; x_wconf 87' lang='lat' dir='ltr'><strong>aperta</strong></span> <span class='ocrx_word' id='word_1_356' title='bbox 571 3099 717 3166; x_wconf 84' lang='lat' dir='ltr'><strong>praevidet,</strong></span> <span class='ocrx_word' id='word_1_357' title='bbox 745 3099 900 3153; x_wconf 81' lang='lat' dir='ltr'><strong>donaturum</strong></span> <span class='ocrx_word' id='word_1_358' title='bbox 919 3113 990 3164; x_wconf 84' lang='lat' dir='ltr'><strong>esse,</strong></span> <span class='ocrx_word' id='word_1_359' title='bbox 1016 3101 1078 3167; x_wconf 80' lang='lat' dir='ltr'><strong>qnia</strong></span> <span class='ocrx_word' id='word_1_360' title='bbox 1095 3103 1137 3156; x_wconf 81' lang='lat' dir='ltr'><strong>uir</strong></span> <span class='ocrx_word' id='word_1_361' title='bbox 1154 3104 1230 3156; x_wconf 83' lang='lat' dir='ltr'><strong>nrnri</strong></span> <span class='ocrx_word' id='word_1_362' title='bbox 1249 3103 1277 3156; x_wconf 94' lang='lat' dir='ltr'><strong>in</strong></span> <span class='ocrx_word' id='word_1_363' title='bbox 1295 3106 1327 3158; x_wconf 87' lang='lat' dir='ltr'><strong>iis</strong></span> <span class='ocrx_word' id='word_1_364' title='bbox 1345 3106 1396 3160; x_wconf 86' lang='lat' dir='ltr'><strong>cir·</strong></span> 
     </span>
     <span class='ocr_line' id='line_1_34' title="bbox 82 3183 1396 3254; baseline 0.002 -8"><span class='ocrx_word' id='word_1_365' title='bbox 82 3183 165 3252; x_wconf 69' lang='lat' dir='ltr'><strong>iiten,</strong></span> <span class='ocrx_word' id='word_1_366' title='bbox 183 3189 206 3242; x_wconf 89' lang='lat' dir='ltr'><strong>si</strong></span> <span class='ocrx_word' id='word_1_367' title='bbox 223 3191 267 3244; x_wconf 86' lang='lat' dir='ltr'><strong>vir</strong></span> <span class='ocrx_word' id='word_1_368' title='bbox 284 3191 488 3254; x_wconf 83' lang='lat' dir='ltr'><strong>praemoriatur,</strong></span> <span class='ocrx_word' id='word_1_369' title='bbox 512 3189 668 3242; x_wconf 77' lang='lat' dir='ltr'><strong>decessurus</strong></span> <span class='ocrx_word' id='word_1_370' title='bbox 685 3187 719 3242; x_wconf 92' lang='lat' dir='ltr'><strong>ad</strong></span> <span class='ocrx_word' id='word_1_371' title='bbox 744 3185 910 3240; x_wconf 81' lang='lat' dir='ltr'><strong>cunseentiia</strong></span> <span class='ocrx_word' id='word_1_372' title='bbox 923 3189 1061 3252; x_wconf 83' lang='lat' dir='ltr'><strong>presidere</strong></span> <span class='ocrx_word' id='word_1_373' title='bbox 1079 3189 1158 3243; x_wconf 90' lang='lat' dir='ltr'><strong>deitet</strong></span> <span class='ocrx_word' id='word_1_374' title='bbox 1169 3185 1217 3253; x_wconf 81' lang='lat'>(⁸).</span> <span class='ocrx_word' id='word_1_375' title='bbox 1255 3193 1396 3248; x_wconf 71' lang='lat' dir='ltr'><strong>diuniuri</strong></span> 
     </span>
     <span class='ocr_line' id='line_1_35' title="bbox 81 3269 1396 3344; baseline 0.005 -16"><span class='ocrx_word' id='word_1_376' title='bbox 81 3269 214 3331; x_wconf 77' lang='lat' dir='ltr'><strong>decentiam</strong></span> <span class='ocrx_word' id='word_1_377' title='bbox 231 3279 274 3330; x_wconf 90' lang='lat' dir='ltr'><strong>sui</strong></span> <span class='ocrx_word' id='word_1_378' title='bbox 291 3281 376 3330; x_wconf 80' lang='lat' dir='ltr'><strong>staura</strong></span> <span class='ocrx_word' id='word_1_379' title='bbox 393 3275 549 3330; x_wconf 79' lang='lat' dir='ltr'><strong>seruandam</strong></span> <span class='ocrx_word' id='word_1_380' title='bbox 564 3273 718 3328; x_wconf 85' lang='lat' dir='ltr'><strong>destitutum</strong></span> <span class='ocrx_word' id='word_1_381' title='bbox 743 3285 796 3326; x_wconf 86' lang='lat' dir='ltr'><strong>nun</strong></span> <span class='ocrx_word' id='word_1_382' title='bbox 814 3280 884 3328; x_wconf 88' lang='lat' dir='ltr'><strong>esset</strong></span> <span class='ocrx_word' id='word_1_383' title='bbox 902 3274 1049 3329; x_wconf 83' lang='lat' dir='ltr'><strong>damnande</strong></span> <span class='ocrx_word' id='word_1_384' title='bbox 1068 3286 1147 3338; x_wconf 81' lang='lat' dir='ltr'><strong>urta,</strong></span> <span class='ocrx_word' id='word_1_385' title='bbox 1172 3288 1254 3344; x_wconf 78' lang='lat' dir='ltr'><strong>puae,</strong></span> <span class='ocrx_word' id='word_1_386' title='bbox 1273 3278 1335 3332; x_wconf 89' lang='lat' dir='ltr'><strong>dnm</strong></span> <span class='ocrx_word' id='word_1_387' title='bbox 1355 3279 1396 3334; x_wconf 79' lang='lat' dir='ltr'><strong>tir</strong></span> 
     </span>
     <span class='ocr_line' id='line_1_36' title="bbox 81 3353 1393 3429; baseline 0.005 -14"><span class='ocrx_word' id='word_1_388' title='bbox 81 3353 114 3410; x_wconf 91' lang='lat' dir='ltr'><strong>iri.</strong></span> <span class='ocrx_word' id='word_1_389' title='bbox 142 3361 435 3428; x_wconf 82' lang='lat' dir='ltr'><strong>iuduniruuentpne</strong></span> <span class='ocrx_word' id='word_1_390' title='bbox 452 3362 719 3427; x_wconf 79' lang='lat' dir='ltr'><strong>abequetestementu</strong></span> <span class='ocrx_word' id='word_1_391' title='bbox 744 3361 862 3414; x_wconf 74' lang='lat' dir='ltr'><strong>remittes</strong></span> <span class='ocrx_word' id='word_1_392' title='bbox 879 3361 1052 3416; x_wconf 82' lang='lat' dir='ltr'><strong>substantiam</strong></span> <span class='ocrx_word' id='word_1_393' title='bbox 1075 3361 1229 3428; x_wconf 87' lang='lat' dir='ltr'><strong>dissiparet,</strong></span> <span class='ocrx_word' id='word_1_394' title='bbox 1253 3367 1393 3429; x_wconf 83' lang='lat' dir='ltr'><strong>pecuniam</strong></span> 
     </span>
     <span class='ocr_line' id='line_1_37' title="bbox 81 3441 1392 3513; baseline 0.008 -15"><span class='ocrx_word' id='word_1_395' title='bbox 81 3441 191 3504; x_wconf 81' lang='lat' dir='ltr'><strong>deiuncts</strong></span> <span class='ocrx_word' id='word_1_396' title='bbox 218 3455 274 3504; x_wconf 89' lang='lat' dir='ltr'><strong>tuta</strong></span> <span class='ocrx_word' id='word_1_397' title='bbox 299 3448 357 3513; x_wconf 80' lang='lat' dir='ltr'><strong>eius</strong></span> <span class='ocrx_word' id='word_1_398' title='bbox 385 3448 534 3502; x_wconf 82' lang='lat' dir='ltr'><strong>haeredites</strong></span> <span class='ocrx_word' id='word_1_399' title='bbox 560 3448 595 3500; x_wconf 86' lang='lat' dir='ltr'><strong>ad</strong></span> <span class='ocrx_word' id='word_1_400' title='bbox 621 3457 718 3510; x_wconf 72' lang='lat' dir='ltr'><strong>cugne-</strong></span> <span class='ocrx_word' id='word_1_401' title='bbox 744 3447 903 3501; x_wconf 82' lang='lat' dir='ltr'><strong>subduceret</strong></span> <span class='ocrx_word' id='word_1_402' title='bbox 919 3455 945 3501; x_wconf 92' lang='lat' dir='ltr'><strong>ei</strong></span> <span class='ocrx_word' id='word_1_403' title='bbox 963 3453 1081 3502; x_wconf 69' lang='lat' dir='ltr'><strong>serenet</strong></span> <span class='ocrx_word' id='word_1_404' title='bbox 1104 3460 1151 3513; x_wconf 84' lang='lat' dir='ltr'><strong>pro</strong></span> <span class='ocrx_word' id='word_1_405' title='bbox 1173 3449 1234 3504; x_wconf 78' lang='lat' dir='ltr'><strong>iiiia</strong></span> <span class='ocrx_word' id='word_1_406' title='bbox 1252 3453 1296 3506; x_wconf 84' lang='lat' dir='ltr'><strong>vei</strong></span> <span class='ocrx_word' id='word_1_407' title='bbox 1315 3455 1392 3508; x_wconf 85' lang='lat' dir='ltr'><strong>etiarn</strong></span> 
     </span>
     <span class='ocr_line' id='line_1_38' title="bbox 80 3533 1393 3598; baseline 0.005 -10"><span class='ocrx_word' id='word_1_408' title='bbox 80 3535 114 3582; x_wconf 81' lang='lat' dir='ltr'><strong>iit</strong></span> <span class='ocrx_word' id='word_1_409' title='bbox 138 3535 295 3590; x_wconf 75' lang='lat' dir='ltr'><strong>deuoluitur.</strong></span> <span class='ocrx_word' id='word_1_410' title='bbox 342 3536 499 3590; x_wconf 79' lang='lat' dir='ltr'><strong>Gerasina</strong></span> <span class='ocrx_word' id='word_1_411' title='bbox 529 3545 592 3588; x_wconf 82' lang='lat' dir='ltr'><strong>seru</strong></span> <span class='ocrx_word' id='word_1_412' title='bbox 621 3533 717 3598; x_wconf 90' lang='lat' dir='ltr'><strong>pertirn</strong></span> <span class='ocrx_word' id='word_1_413' title='bbox 744 3545 791 3597; x_wconf 85' lang='lat' dir='ltr'><strong>pro</strong></span> <span class='ocrx_word' id='word_1_414' title='bbox 817 3545 863 3596; x_wconf 87' lang='lat' dir='ltr'><strong>se,</strong></span> <span class='ocrx_word' id='word_1_415' title='bbox 894 3533 917 3586; x_wconf 90' lang='lat' dir='ltr'><strong>si</strong></span> <span class='ocrx_word' id='word_1_416' title='bbox 943 3535 1012 3587; x_wconf 85' lang='lat' dir='ltr'><strong>ione</strong></span> <span class='ocrx_word' id='word_1_417' title='bbox 1038 3535 1186 3590; x_wconf 79' lang='lat' dir='ltr'><strong>cummunis</strong></span> <span class='ocrx_word' id='word_1_418' title='bbox 1213 3551 1273 3592; x_wconf 88' lang='lat' dir='ltr'><strong>eum</strong></span> <span class='ocrx_word' id='word_1_419' title='bbox 1298 3542 1393 3594; x_wconf 80' lang='lat' dir='ltr'><strong>marite</strong></span> 
     </span>
     <span class='ocr_line' id='line_1_39' title="bbox 81 3620 861 3689; baseline 0.008 -21"><span class='ocrx_word' id='word_1_420' title='bbox 81 3625 108 3668; x_wconf 90' lang='lat' dir='ltr'><strong>er</strong></span> <span class='ocrx_word' id='word_1_421' title='bbox 123 3621 274 3676; x_wconf 83' lang='lat' dir='ltr'><strong>tenuissima</strong></span> <span class='ocrx_word' id='word_1_422' title='bbox 298 3623 374 3686; x_wconf 83' lang='lat' dir='ltr'><strong>dete,</strong></span> <span class='ocrx_word' id='word_1_423' title='bbox 398 3622 495 3689; x_wconf 87' lang='lat' dir='ltr'><strong>pariiin</strong></span> <span class='ocrx_word' id='word_1_424' title='bbox 519 3632 554 3674; x_wconf 80' lang='lat' dir='ltr'><strong>ea</strong></span> <span class='ocrx_word' id='word_1_425' title='bbox 576 3621 625 3685; x_wconf 88' lang='lat' dir='ltr'><strong>iis,</strong></span> <span class='ocrx_word' id='word_1_426' title='bbox 648 3629 717 3685; x_wconf 87' lang='lat' dir='ltr'><strong>puae</strong></span> <span class='ocrx_word' id='word_1_427' title='bbox 743 3620 861 3674; x_wconf 83' lang='lat' dir='ltr'><strong>nuberet.</strong></span> 
     </span>
     <span class='ocr_line' id='line_1_40' title="bbox 81 3705 716 3774; baseline -0.003 -12"><span class='ocrx_word' id='word_1_428' title='bbox 81 3709 292 3769; x_wconf 70' lang='lat' dir='ltr'><strong>situruridentia</strong></span> <span class='ocrx_word' id='word_1_429' title='bbox 309 3710 461 3774; x_wconf 74' lang='lat' dir='ltr'><strong>ediieperet,</strong></span> <span class='ocrx_word' id='word_1_430' title='bbox 482 3705 563 3762; x_wconf 83' lang='lat' dir='ltr'><strong>ritem</strong></span> <span class='ocrx_word' id='word_1_431' title='bbox 582 3709 716 3760; x_wconf 84' lang='lat' dir='ltr'><strong>atatatun</strong></span> 
     </span>
     <span class='ocr_line' id='line_1_41' title="bbox 81 3751 1174 3862; baseline 0.003 -18"><span class='ocrx_word' id='word_1_432' title='bbox 81 3792 197 3848; x_wconf 75' lang='lat' dir='ltr'><strong>eminere</strong></span> <span class='ocrx_word' id='word_1_433' title='bbox 226 3797 335 3862; x_wconf 73' lang='lat' dir='ltr'><strong>cupitur.</strong></span> <span class='ocrx_word' id='word_1_434' title='bbox 380 3799 439 3850; x_wconf 86' lang='lat' dir='ltr'><strong>idox</strong></span> <span class='ocrx_word' id='word_1_435' title='bbox 467 3800 557 3849; x_wconf 88' lang='lat' dir='ltr'><strong>temen</strong></span> <span class='ocrx_word' id='word_1_436' title='bbox 585 3793 717 3859; x_wconf 82' lang='lat' dir='ltr'><strong>scrupnita</strong></span> <span class='ocrx_word' id='word_1_437' title='bbox 958 3751 1108 3826; x_wconf 71' lang='lat' dir='ltr'>OASUS</span> <span class='ocrx_word' id='word_1_438' title='bbox 1131 3759 1174 3826; x_wconf 73' lang='lat' dir='ltr'><strong>V·</strong></span> 
     </span>
     <span class='ocr_line' id='line_1_42' title="bbox 81 3871 1236 3948; baseline -0.004 -12"><span class='ocrx_word' id='word_1_439' title='bbox 81 3875 167 3936; x_wconf 65' lang='lat' dir='ltr'><strong>tutata</strong></span> <span class='ocrx_word' id='word_1_440' title='bbox 184 3885 287 3948; x_wconf 81' lang='lat' dir='ltr'><strong>uneerit</strong></span> <span class='ocrx_word' id='word_1_441' title='bbox 310 3895 326 3935; x_wconf 92' lang='lat' dir='ltr'><strong>a</strong></span> <span class='ocrx_word' id='word_1_442' title='bbox 347 3883 526 3946; x_wconf 75' lang='lat' dir='ltr'><strong>confessario,</strong></span> <span class='ocrx_word' id='word_1_443' title='bbox 550 3885 638 3936; x_wconf 89' lang='lat' dir='ltr'><strong>utrnru</strong></span> <span class='ocrx_word' id='word_1_444' title='bbox 660 3884 715 3935; x_wconf 92' lang='lat' dir='ltr'><strong>tute</strong></span> <span class='ocrx_word' id='word_1_445' title='bbox 897 3871 1016 3928; x_wconf 76' lang='lat' dir='ltr'><strong>seiiion</strong></span> <span class='ocrx_word' id='word_1_446' title='bbox 1042 3875 1236 3932; x_wconf 74' lang='lat' dir='ltr'><strong>iiiuustiiiiis.</strong></span> 
     </span>
     <span class='ocr_line' id='line_1_43' title="bbox 82 3959 1392 4026; baseline 0.011 -17"><span class='ocrx_word' id='word_1_447' title='bbox 82 3959 110 4011; x_wconf 88' lang='lat' dir='ltr'><strong>sit</strong></span> <span class='ocrx_word' id='word_1_448' title='bbox 124 3969 285 4023; x_wconf 78' lang='lat' dir='ltr'><strong>censcientia.</strong></span> <span class='ocrx_word' id='word_1_449' title='bbox 795 3966 949 4020; x_wconf 75' lang='lat' dir='ltr'><strong>Genesius</strong></span> <span class='ocrx_word' id='word_1_450' title='bbox 972 3973 1059 4022; x_wconf 76' lang='lat' dir='ltr'><strong>autur</strong></span> <span class='ocrx_word' id='word_1_451' title='bbox 1076 3966 1106 4020; x_wconf 87' lang='lat'><strong>1·</strong></span> <span class='ocrx_word' id='word_1_452' title='bbox 1127 3971 1156 4022; x_wconf 92' lang='lat' dir='ltr'><strong>in</strong></span> <span class='ocrx_word' id='word_1_453' title='bbox 1174 3972 1293 4026; x_wconf 84' lang='lat' dir='ltr'><strong>vestibus</strong></span> <span class='ocrx_word' id='word_1_454' title='bbox 1310 3971 1392 4026; x_wconf 82' lang='lat' dir='ltr'><strong>ennii·</strong></span> 
     </span>
     <span class='ocr_line' id='line_1_44' title="bbox 123 4045 1392 4122; baseline 0.006 -16"><span class='ocrx_word' id='word_1_455' title='bbox 123 4045 188 4106; x_wconf 78' lang='lat' dir='ltr'><strong>Erec</strong></span> <span class='ocrx_word' id='word_1_456' title='bbox 263 4079 266 4090; x_wconf 92' lang='lat'>·</span> <span class='ocrx_word' id='word_1_457' title='bbox 741 4052 856 4112; x_wconf 79' lang='lat' dir='ltr'><strong>ciendis,</strong></span> <span class='ocrx_word' id='word_1_458' title='bbox 882 4054 951 4119; x_wconf 82' lang='lat' dir='ltr'><strong>pund</strong></span> <span class='ocrx_word' id='word_1_459' title='bbox 968 4055 1049 4118; x_wconf 87' lang='lat' dir='ltr'><strong>panni</strong></span> <span class='ocrx_word' id='word_1_460' title='bbox 1068 4057 1198 4122; x_wconf 81' lang='lat' dir='ltr'><strong>reliquunt</strong></span> <span class='ocrx_word' id='word_1_461' title='bbox 1217 4062 1272 4121; x_wconf 86' lang='lat' dir='ltr'><strong>est,</strong></span> <span class='ocrx_word' id='word_1_462' title='bbox 1299 4059 1392 4114; x_wconf 83' lang='lat' dir='ltr'><strong>aeduin</strong></span> 
     </span>
     <span class='ocr_line' id='line_1_45' title="bbox 84 4127 870 4205; baseline -0.008 -6"><span class='ocrx_word' id='word_1_463' title='bbox 84 4127 187 4198; x_wconf 63' lang='lat' dir='ltr'><strong>Quaen.</strong></span> <span class='ocrx_word' id='word_1_464' title='bbox 204 4145 246 4196; x_wconf 77' lang='lat' dir='ltr'><strong>det</strong></span> <span class='ocrx_word' id='word_1_465' title='bbox 264 4143 440 4196; x_wconf 71' lang='lat' dir='ltr'><strong>cerastim</strong></span> <span class='ocrx_word' id='word_1_466' title='bbox 462 4143 591 4205; x_wconf 80' lang='lat' dir='ltr'><strong>aractter</strong></span> <span class='ocrx_word' id='word_1_467' title='bbox 612 4151 715 4204; x_wconf 83' lang='lat' dir='ltr'><strong>pecca·</strong></span> <span class='ocrx_word' id='word_1_468' title='bbox 739 4171 870 4184; x_wconf 77' lang='lat'><strong>-—</strong></span> 
     </span>
     <span class='ocr_line' id='line_1_46' title="bbox 204 4227 1390 4310; baseline 0.005 -16"><span class='ocrx_word' id='word_1_469' title='bbox 204 4229 278 4283; x_wconf 61' lang='lat'><strong>0⁶18</strong></span> <span class='ocrx_word' id='word_1_470' title='bbox 298 4233 328 4283; x_wconf 56' lang='grc' dir='ltr'><strong>εἰ</strong></span> <span class='ocrx_word' id='word_1_471' title='bbox 345 4227 388 4283; x_wconf 82' lang='lat' dir='ltr'><strong>nd</strong></span> <span class='ocrx_word' id='word_1_472' title='bbox 407 4230 619 4284; x_wconf 60' lang='lat' dir='ltr'><strong>“nminem</strong></span> <span class='ocrx_word' id='word_1_473' title='bbox 637 4231 713 4282; x_wconf 63' lang='lat'><strong>‘⁶²¹0&#39;</strong></span> <span class='ocrx_word' id='word_1_474' title='bbox 740 4241 774 4309; x_wconf 84' lang='lat'><strong>(¹)</strong></span> <span class='ocrx_word' id='word_1_475' title='bbox 793 4243 861 4308; x_wconf 80' lang='lat' dir='ltr'><strong>quod</strong></span> <span class='ocrx_word' id='word_1_476' title='bbox 886 4244 965 4298; x_wconf 86' lang='lat' dir='ltr'><strong>etiarn</strong></span> <span class='ocrx_word' id='word_1_477' title='bbox 989 4257 1037 4310; x_wconf 84' lang='lat' dir='ltr'><strong>pru</strong></span> <span class='ocrx_word' id='word_1_478' title='bbox 1061 4245 1145 4309; x_wconf 87' lang='lat' dir='ltr'><strong>primu</strong></span> <span class='ocrx_word' id='word_1_479' title='bbox 1169 4259 1231 4300; x_wconf 84' lang='lat' dir='ltr'><strong>casu</strong></span> <span class='ocrx_word' id='word_1_480' title='bbox 1254 4249 1335 4302; x_wconf 86' lang='lat' dir='ltr'><strong>vaiet.</strong></span> <span class='ocrx_word' id='word_1_481' title='bbox 1357 4273 1390 4284; x_wconf 94' lang='lat'><em>-</em></span> 
     </span>
     <span class='ocr_line' id='line_1_47' title="bbox 205 4313 937 4380; baseline -0.005 -10"><span class='ocrx_word' id='word_1_482' title='bbox 205 4319 274 4370; x_wconf 73' lang='lat' dir='ltr'><strong>ctat·</strong></span> <span class='ocrx_word' id='word_1_483' title='bbox 290 4317 322 4370; x_wconf 79' lang='lat' dir='ltr'><strong>tet</strong></span> <span class='ocrx_word' id='word_1_484' title='bbox 339 4315 458 4371; x_wconf 81' lang='lat' dir='ltr'><strong>cnatdata</strong></span> <span class='ocrx_word' id='word_1_485' title='bbox 470 4315 650 4380; x_wconf 70' lang='lat' dir='ltr'><strong>propositae?</strong></span> <span class='ocrx_word' id='word_1_486' title='bbox 792 4315 835 4374; x_wconf 82' lang='lat' dir='ltr'><strong>iii.</strong></span> <span class='ocrx_word' id='word_1_487' title='bbox 857 4313 937 4376; x_wconf 80' lang='lat' dir='ltr'><strong>edit.)</strong></span> 
     </span>
    </p>
   </div>
   <div class='ocr_carea' id='block_1_5' title="bbox 319 4379 1391 4456">
    <p class='ocr_par' dir='ltr' id='par_1_5' title="bbox 319 4379 1391 4456">
     <span class='ocr_line' id='line_1_48' title="bbox 319 4379 1391 4456; baseline -0.007 -8"><span class='ocrx_word' id='word_1_488' title='bbox 319 4398 457 4456; x_wconf 59' lang='lat' dir='ltr'><strong>spineta,</strong></span> <span class='ocrx_word' id='word_1_489' title='bbox 740 4379 773 4450; x_wconf 80' lang='lat'><strong>(²)</strong></span> <span class='ocrx_word' id='word_1_490' title='bbox 792 4394 870 4448; x_wconf 84' lang='lat' dir='ltr'><strong>quarn</strong></span> <span class='ocrx_word' id='word_1_491' title='bbox 888 4383 964 4438; x_wconf 81' lang='lat' dir='ltr'><strong>iiberi</strong></span> <span class='ocrx_word' id='word_1_492' title='bbox 982 4395 1016 4438; x_wconf 81' lang='lat' dir='ltr'><strong>ea</strong></span> <span class='ocrx_word' id='word_1_493' title='bbox 1034 4385 1171 4448; x_wconf 78' lang='lat' dir='ltr'><strong>posteriori</strong></span> <span class='ocrx_word' id='word_1_494' title='bbox 1195 4387 1327 4440; x_wconf 83' lang='lat' dir='ltr'><strong>connubio</strong></span> <span class='ocrx_word' id='word_1_495' title='bbox 1345 4397 1391 4452; x_wconf 73' lang='lat' dir='ltr'><strong>ge·</strong></span> 
     </span>
    </p>
   </div>
   <div class='ocr_carea' id='block_1_6' title="bbox 125 4453 1390 4583">
    <p class='ocr_par' dir='ltr' id='par_1_6' title="bbox 125 4453 1390 4583">
     <span class='ocr_line' id='line_1_49' title="bbox 125 4453 1390 4583; baseline -0.021 -46"><span class='ocrx_word' id='word_1_496' title='bbox 125 4475 180 4538; x_wconf 75' lang='lat'><strong>560.</strong></span> <span class='ocrx_word' id='word_1_497' title='bbox 199 4513 232 4526; x_wconf 84' lang='lat'>-</span> <span class='ocrx_word' id='word_1_498' title='bbox 242 4490 273 4544; x_wconf 76' lang='lat' dir='ltr'><strong>fl,</strong></span> <span class='ocrx_word' id='word_1_499' title='bbox 287 4490 323 4544; x_wconf 64' lang='lat'><strong>1„</strong></span> <span class='ocrx_word' id='word_1_500' title='bbox 330 4491 427 4554; x_wconf 65' lang='lat' dir='ltr'><strong>prmo</strong></span> <span class='ocrx_word' id='word_1_501' title='bbox 438 4499 512 4544; x_wconf 68' lang='lat' dir='ltr'><strong>cm</strong></span> <span class='ocrx_word' id='word_1_502' title='bbox 524 4487 711 4554; x_wconf 62' lang='lat' dir='ltr'><strong>indulgendum</strong></span> <span class='ocrx_word' id='word_1_503' title='bbox 792 4453 1213 4583; x_wconf 43' lang='lat' dir='ltr'><strong>Qffkliiolsslliiiizigffitnesdffigratnr</strong></span> <span class='ocrx_word' id='word_1_504' title='bbox 1230 4457 1390 4510; x_wconf 79' lang='lat' dir='ltr'><strong>necessarie.</strong></span> 
     </span>
    </p>
   </div>
   <div class='ocr_carea' id='block_1_7' title="bbox 84 4565 1395 4727">
    <p class='ocr_par' dir='ltr' id='par_1_7' title="bbox 84 4565 1395 4727">
     <span class='ocr_line' id='line_1_50' title="bbox 84 4565 1395 4657; baseline 0.003 -17"><span class='ocrx_word' id='word_1_505' title='bbox 84 4565 118 4616; x_wconf 44' lang='grc' dir='ltr'><strong>εἰ</strong></span> <span class='ocrx_word' id='word_1_506' title='bbox 131 4569 234 4629; x_wconf 60' lang='lat' dir='ltr'><strong>mim</strong></span> <span class='ocrx_word' id='word_1_507' title='bbox 253 4577 440 4641; x_wconf 48' lang='lat' dir='ltr'><strong>Gemini&amp;</strong></span> <span class='ocrx_word' id='word_1_508' title='bbox 462 4587 530 4642; x_wconf 64' lang='lat' dir='ltr'><strong>(iim</strong></span> <span class='ocrx_word' id='word_1_509' title='bbox 553 4574 631 4628; x_wconf 60' lang='lat' dir='ltr'><strong>mem</strong></span> <span class='ocrx_word' id='word_1_510' title='bbox 648 4587 711 4629; x_wconf 57' lang='grc' dir='ltr'><strong>ΒΜ</strong></span> <span class='ocrx_word' id='word_1_511' title='bbox 738 4587 773 4657; x_wconf 84' lang='lat'><strong>(¹)</strong></span> <span class='ocrx_word' id='word_1_512' title='bbox 791 4593 886 4653; x_wconf 74' lang='lat' dir='ltr'><strong>Ootnp.</strong></span> <span class='ocrx_word' id='word_1_513' title='bbox 908 4589 943 4644; x_wconf 85' lang='lat' dir='ltr'><strong>de</strong></span> <span class='ocrx_word' id='word_1_514' title='bbox 960 4595 1104 4645; x_wconf 80' lang='lat' dir='ltr'><strong>contrusi.</strong></span> <span class='ocrx_word' id='word_1_515' title='bbox 1124 4605 1152 4646; x_wconf 87' lang='lat' dir='ltr'><strong>tt.</strong></span> <span class='ocrx_word' id='word_1_516' title='bbox 1175 4593 1247 4648; x_wconf 77' lang='lat'><strong><em>825.</em></strong></span> <span class='ocrx_word' id='word_1_517' title='bbox 1269 4595 1328 4647; x_wconf 80' lang='lat' dir='ltr'><strong>aaut.</strong></span> <span class='ocrx_word' id='word_1_518' title='bbox 1350 4589 1395 4646; x_wconf 82' lang='lat' dir='ltr'><strong>nti</strong></span> 
     </span>
     <span class='ocr_line' id='line_1_51' title="bbox 84 4655 1160 4727; baseline 0.002 -16"><span class='ocrx_word' id='word_1_519' title='bbox 84 4655 158 4711; x_wconf 75' lang='lat' dir='ltr'><strong>ttenii</strong></span> <span class='ocrx_word' id='word_1_520' title='bbox 173 4661 320 4724; x_wconf 76' lang='lat' dir='ltr'><strong>opitulatur.</strong></span> <span class='ocrx_word' id='word_1_521' title='bbox 357 4661 474 4726; x_wconf 76' lang='lat' dir='ltr'><strong>Etenim,</strong></span> <span class='ocrx_word' id='word_1_522' title='bbox 498 4673 558 4716; x_wconf 87' lang='lat' dir='ltr'><strong>curn</strong></span> <span class='ocrx_word' id='word_1_523' title='bbox 582 4663 609 4714; x_wconf 90' lang='lat' dir='ltr'><strong>in</strong></span> <span class='ocrx_word' id='word_1_524' title='bbox 632 4663 711 4727; x_wconf 83' lang='lat' dir='ltr'><strong>nppu·</strong></span> <span class='ocrx_word' id='word_1_525' title='bbox 790 4663 866 4714; x_wconf 77' lang='lat' dir='ltr'><strong>Notat</strong></span> <span class='ocrx_word' id='word_1_526' title='bbox 885 4656 923 4713; x_wconf 73' lang='lat'><strong>1⁰,</strong></span> <span class='ocrx_word' id='word_1_527' title='bbox 944 4661 985 4721; x_wconf 91' lang='lat' dir='ltr'><strong>(ii.</strong></span> <span class='ocrx_word' id='word_1_528' title='bbox 1006 4661 1084 4722; x_wconf 89' lang='lat' dir='ltr'><strong>edit.)</strong></span> <span class='ocrx_word' id='word_1_529' title='bbox 1158 4699 1160 4706; x_wconf 89' lang='lat'><em>.</em></span> 
     </span>
    </p>
   </div>
   <div class='ocr_carea' id='block_1_8' title="bbox 0 0 1588 4998">
    <p class='ocr_par' dir='ltr' id='par_1_8' title="bbox 0 0 1588 4998">
     <span class='ocr_line' id='line_1_52' title="bbox 0 0 1588 4998; baseline 0 0"><span class='ocrx_word' id='word_1_530' title='bbox 0 0 1588 4998; x_wconf 95' lang='lat' dir='ltr'><strong> </strong></span> 
     </span>
    </p>
   </div>
  </div>
 </body>
</html>
