3218 5004
206 192 260 248 410
735 196 775 251 bs
793 195 1005 255 nbcuauistii.

207 333 302 387 saitem
321 325 484 399 probabilius
502 337 529 388 et
545 335 709 390 communius
727 335 754 390 it
767 340 860 393 tenent
884 333 1016 401 generalis
1032 330 1196 386 solemnitas.
1225 325 1277 382 Sed
1288 323 1478 390 inexspectata
1497 332 1548 374 ex·

207 421 336 474 noctums.
374 422 404 476 in
422 419 498 486 praxi
516 424 634 485 praestat
655 422 755 477 babere
771 423 858 480 inten-
884 421 968 488 surgit
984 417 1136 474 iiibcuitas.
1172 407 1482 478 ascensurumque
1500 417 1546 459 sa·

206 507 306 562 bouem
324 507 476 572 generalem
493 506 666 562 consecrandi
681 512 785 566 tantum
802 511 857 567 vini
883 520 956 563 orum
973 505 1088 562 iaciebat
1105 506 1133 559 et
1150 501 1185 557 ati
1196 497 1406 556 communionem
1417 494 1477 560 iam
1496 492 1544 545 de·

206 593 379 661 commutem
400 594 516 660 ouium,
544 605 596 650 non
620 607 683 652 uero
705 601 797 664 gneus
823 599 856 653 ab
883 599 1001 659 tenuat,
1021 590 1136 648 aduertit
1153 599 1206 643 non
1222 587 1281 642 sine
1298 588 1423 650 stupore,
1440 593 1475 635 se
1494 581 1544 634 bo-

205 680 253 734 iiia
277 683 426 746 separatas,
458 680 501 735 uei
522 681 625 737 nuiiam
650 685 750 739 babere
775 685 855 741 eiiam
882 683 946 738 stiss
963 681 998 734 eoi
1019 678 1113 733 iiieies
1134 671 1367 732 communicandus
1387 667 1541 723 nouum

206 766 390 832 intentionenr,
410 766 461 820 nisi
478 767 507 821 iu
524 768 652 836 faciendi,
672 771 741 837 quot
759 779 856 827 conue-
881 781 935 823 nun
963 775 1131 822 consecrasse
1156 766 1186 817 et
1210 759 1338 816 ciborium
1361 756 1388 811 in
1416 757 1540 811 esberno

205 851 323 908 nientius
341 854 390 908 est.
407 877 441 890 -·
466 851 529 908 Vide
547 855 640 921 occup.
661 869 690 912 tt.
709 856 783 912 284.
881 855 973 910 aitaris
991 851 1088 918 sumto
1105 847 1254 917 reliquisse.
1290 846 1320 902 iti
1343 842 1458 898 subiens
1476 841 1539 894 mis·

258 935 319 993 260.
343 963 376 978 -
399 941 430 994 ii.
453 937 497 995 aa
518 941 557 995 3m
575 943 678 1005 osnes.
711 939 742 994 1·
762 944 853 1000 vaiita
879 940 1011 997 stonuuus
1028 941 1056 994 et
1073 937 1215 992 suveuens
1230 933 1320 996 simui,
1340 930 1437 984 aioese
1447 937 1538 982 sacer·

205 1029 247 1080 est
262 1025 437 1081 consereratio
451 1026 551 1092 eaiicb,
570 1030 757 1086 nonobstante
775 1031 854 1086 umis·
880 1029 967 1085 dotem
994 1026 1029 1081 aui
1054 1023 1128 1080 aliut
1154 1023 1239 1078 uitare
1261 1019 1458 1080 celebrantem,
1491 1016 1533 1080 qui

203 1112 852 1183 sioneuerborumnoctctoeterstteatnmeutt,
878 1118 932 1184 iam
949 1115 983 1170 ai
1001 1113 1105 1168 bestiae
1123 1109 1347 1165 consecrationem
1365 1111 1537 1170 peruenerat,

204 1197 265 1264 quus
295 1199 343 1254 iiia
371 1197 453 1255 uerba
482 1200 517 1255 ati
547 1202 657 1258 formam
686 1206 853 1261 mennatem
878 1203 978 1270 absque
1000 1211 1073 1255 mors
1096 1203 1234 1263 acceptum
1255 1195 1383 1251 ciborium
1408 1192 1444 1248 ati
1466 1193 1538 1246 bunc

202 1284 311 1340 minime
335 1289 476 1352 pertinent.
513 1289 615 1345 Etenim
638 1302 690 1346 uon
713 1293 799 1359 masis
819 1294 853 1348 au
879 1289 1042 1346 sacerdotem
1060 1287 1159 1352 ieiert,
1182 1281 1348 1351 genuflectit,
1371 1280 1436 1336 dum
1453 1280 1538 1335 uerba

202 1372 313 1427 iurmum
329 1374 420 1429 calicis
432 1375 574 1441 pertinent,
593 1389 671 1443 quam
684 1378 764 1434 uerba
777 1378 858 1446 qood
879 1375 1083 1433 consecrationis
1106 1373 1290 1438 prosecuntur,
1315 1373 1342 1423 et
1363 1368 1439 1422 ocius
1463 1367 1538 1420 cibu-

200 1469 255 1524 pre
290 1458 371 1514 cobis
399 1458 535 1518 crudem
562 1464 596 1517 aui
627 1467 854 1522 consecrationem
877 1466 947 1520 mum
963 1463 1046 1519 reiert
1063 1461 1097 1516 ad
1115 1461 1273 1528 puuctum,
1296 1455 1417 1522 mouens
1441 1455 1472 1507 et
1492 1463 1537 1518 ge·

202 1546 292 1614 pauis3
314 1547 386 1614 atum
405 1549 473 1604 baec
489 1551 635 1616 posteriora
646 1553 728 1609 uerba
745 1555 854 1610 minime
877 1553 960 1607 stiens
978 1562 1011 1605 er
1030 1560 1075 1615 eo,
1098 1547 1167 1615 quoi
1191 1549 1245 1600 um
1268 1543 1384 1600 teliciter
1405 1540 1535 1596 namnum

201 1635 352 1689 neoesmiu
374 1639 437 1691 sunt
460 1637 649 1694 consecrationi
671 1643 762 1708 panis,
793 1655 852 1699 cum
880 1640 1001 1696 bueiibos
1019 1639 1144 1704 ingruens
1164 1631 1298 1690 everterit.

201 1729 236 1771 ne
259 1730 293 1773 ex
314 1725 455 1787 praecepto
480 1724 587 1788 quidem
609 1726 744 1782 Ecclesiae
766 1730 854 1793 prore·
930 1727 1001 1784 ilias
1019 1725 1089 1780 item
1101 1721 1293 1784 missionum,
1312 1729 1372 1774 cum
1388 1715 1419 1770 in
1437 1715 1534 1769 iistiem

200 1803 285 1858 renna
302 1805 369 1874 sint;
390 1819 452 1874 ergo
470 1815 520 1864 etc.
546 1815 656 1878 insuper
667 1815 753 1880 prima
771 1816 852 1872 verba
878 1813 1006 1881 augustiis
1018 1814 1169 1868 uersaretur
1180 1821 1229 1863 nec
1241 1808 1346 1861 sisset
1363 1804 1434 1859 aiios
1445 1813 1534 1856 sacer·

198 1899 253 1954 per
279 1902 311 1944 se
336 1895 395 1948 soie
416 1897 567 1960 exprimunt
587 1903 765 1964 praesentiam
791 1915 853 1957 san·
878 1896 1211 1968 uos‚ocouece1ebruns.
1235 1905 1322 1960 neque
1338 1892 1531 1952 ceiebraturus,

200 1975 289 2040 guinis
320 1979 416 2034 curisti
443 1981 491 2034 sub
518 1985 656 2049 speciebus
683 1988 753 2055 vini,
785 1989 853 2045 sient
877 1991 954 2055 rogat
971 1988 1125 2054 parocbum,
1146 1988 1189 2051 ut,
1210 1983 1275 2039 iicet
1290 1982 1342 2045 iam
1361 1977 1395 2032 au
1414 1985 1533 2031 commu·

199 2063 282 2117 uerba
307 2067 366 2120 iios
391 2071 436 2122 eet
455 2079 562 2136 corpus
582 2083 679 2128 meum
701 2075 854 2140 exprimunt
876 2077 982 2132 niouem
1000 2073 1163 2140 peruenerit,
1187 2065 1410 2124 consecrationem
1434 2065 1532 2118 iterare

199 2153 375 2215 praesentum
393 2158 509 2220 corporis
526 2158 621 2212 cbristi
645 2159 694 2212 sub
714 2161 852 2227 speciebus
877 2163 950 2218 ueiit.
987 2161 1134 2226 acquiescit
1151 2157 1293 2225 parocbus,
1318 2156 1346 2208 et
1364 2163 1408 2207 res
1427 2164 1444 2205 a
1461 2149 1532 2216 peri·

199 2237 286 2302 panis.
323 2241 391 2305 lingo
419 2241 589 2308 crispinus
620 2246 729 2302 tornum
759 2261 851 2306 conse·
877 2251 938 2305 enio
955 2247 1092 2304 liberatur.

199 2322 325 2379 erationis
337 2327 427 2381 caiicis
439 2334 560 2396 repetere
571 2345 624 2387 nun
637 2333 729 2389 uetuit
744 2341 852 2403 propter
929 2337 1001 2392 iiius
1030 2331 1242 2390 iioribertos
1271 2331 1360 2383 noster
1388 2325 1417 2378 in
1449 2321 1530 2376 eimiii

200 2409 369 2467 omissionem
400 2416 539 2472 verborum
570 2422 640 2476 noct
674 2425 704 2477 et
737 2427 853 2480 oeterni
876 2437 953 2490 casu,
977 2435 1026 2477 seu
1047 2417 1230 2476 renuentibus
1251 2413 1344 2469 bostiis
1368 2409 1530 2466 mmatuabs
1601 2439 1602 2442 =

199 2500 376 2554 teetometttt.
396 2525 429 2538 -
447 2504 566 2570 Pontus,
587 2507 671 2563 uerbo
685 2511 850 2568 consecrer
876 2513 910 2566 aui
928 2510 1138 2566 communionem
1155 2502 1274 2559 bdelium
1292 2498 1456 2566 generalem,
1477 2497 1529 2549 aiis

200 2583 266 2638 oue.
289 2585 338 2639 12.
358 2611 392 2624 -
410 2588 511 2645 vellet.
530 2617 564 2629 -
586 2595 708 2650 coesset
722 2609 752 2652 s.
775 2601 846 2654 181.
875 2600 958 2655 utitur
974 2596 1113 2652 industria.
1151 2593 1215 2647 cum
1234 2600 1302 2645 unus
1319 2586 1392 2640 scius
1414 2584 1530 2648 supersit

198 2672 319 2725 Attamen
338 2675 366 2732 S.
386 2673 520 2741 bipertita
537 2678 570 2732 ob
588 2683 771 2738 autoritatem
790 2686 849 2751 piu·
875 2685 1011 2751 sacerdos,
1031 2685 1075 2749 oui
1093 2679 1209 2737 nondum
1227 2673 1404 2733 celebraverit
1421 2673 1450 2726 et
1465 2671 1529 2724 mis·
1601 2669 1602 2718 1

198 2757 267 2810 rium
280 2756 424 2827 tectorum,
434 2763 477 2829 qui
490 2766 682 2834 conuauiount,
696 2765 730 2835 (¹)
742 2769 781 2824 uit
795 2767 847 2834 (²):
875 2786 931 2829 sam
949 2771 1095 2827 solemnem
1112 2769 1148 2822 sit
1166 2767 1258 2832 postea
1269 2762 1466 2823 decantaturus,
1486 2767 1528 2809 rb·
1601 2785 1602 2790 κ

197 2841 501 2916 ιιιονιιζιασσνιιοι)
514 2855 632 2908 tautum
647 2855 745 2919 primo
761 2856 849 2913 cerba
874 2865 952 2928 gutur
981 2873 997 2914 a
1025 2856 1204 2918 missionario,
1236 2853 1267 2906 ut
1294 2848 1384 2904 statim
1410 2845 1528 2900 celebret
1601 2851 1602 2856 ’

199 2927 330 2993 (fermus
352 2935 471 2997 calicis)
495 2933 630 3002 uocasset,
654 2937 768 2997 deberet
793 2947 849 3000 am·
874 2947 974 3004 bostias
991 2941 1161 3001 consecrandi
1178 2937 1279 3006 umus,
1303 2933 1454 2990 abiutiones
1474 2943 1528 2984 uon

197 3027 253 3082 pue
276 3017 329 3072 sub
355 3017 523 3077 condictoris
548 3025 692 3092 tcteprum
721 3033 849 3094 repetere
873 3038 1035 3100 sumpturus,
1054 3033 1086 3086 ut
1103 3032 1189 3084 denno
1207 3028 1272 3081 bora
1285 3023 1383 3078 missu
1400 3015 1527 3074 solemnis

196 3099 333 3166 sormunt.
873 3120 1007 3175 celebrare
1025 3119 1119 3184 possit.

248 3186 280 3243 2⁰
299 3192 376 3246 certo
398 3193 488 3248 rsiida
511 3199 552 3249 est
573 3195 669 3263 torma,
693 3198 755 3255 iicet
777 3203 847 3257 cri·
924 3203 994 3260 nno

195 3278 313 3342 spinos
326 3277 424 3334 uixerit
435 3281 512 3336 coito
523 3293 571 3346 pro
585 3285 668 3340 cotim
684 3289 711 3340 et
723 3291 846 3355 scopon
874 3288 1525 3364 Quaer.1⁰inofferrtpoaststtosttueeou·

195 3374 243 3428 pro
272 3367 427 3431 conposcio
434 3381 447 3431 ,·
482 3368 592 3433 proinde
621 3372 689 3427 nibii
724 3381 845 3440 repetere
1047 3375 1210 3435 semoodoe
1228 3381 1343 3442 tacepto
1364 3379 1499 3434 conones

196 3447 283 3503 debet.
309 3477 343 3489 -
377 3449 432 3508 Vin.
460 3457 569 3522 comp..
602 3455 637 3512 oie
664 3471 790 3517 ecorum.
813 3467 845 3519 tc
997 3461 1080 3521 Pin
1098 3463 1216 3530 susem
1231 3467 1350 3530 poscent
1373 3463 1410 3520 de
1432 3467 1527 3522 ulturi

194 3547 298 3601 secere
315 3549 344 3592 n.
368 3541 439 3593 ιιι.
460 3567 494 3579 -
520 3542 578 3598 vost
595 3557 623 3601 u.
645 3548 695 3600 ιι.
1044 3554 1525 3608 bosttoeconsecraiaeusteeum·

1045 3638 1231 3695 munionem?

411 3708 561 3783 CASUS
584 3715 629 3787 V.
1000 3723 1030 3779 3·
1041 3731 1084 3784 Ao
1097 3729 1269 3783 consecrari
1276 3725 1396 3792 possint
1409 3725 1524 3781 botuae

371 3854 582 3913 consuerunt
599 3855 666 3924 (ιι).
1045 3815 1428 3965 {ssssffstcwmffl’
1463 3825 1523 3879 Μ

246 3974 411 4040 stupuistis
428 3979 615 4034 miestonurtt
631 3979 790 4039 industria.
1004 3981 1195 4042 4⁰soo1cero
1207 3987 1300 4042 nuceo
1316 3987 1413 4050 posstt
1425 3983 1521 4041 eodem

244 4094 430 4153 ripripprtu
437 4111 450 4152 ς
463 4100 651 4171 mmmmm,
662 4109 768 4168 „mm
781 4119 844 4174 qm,
1044 4071 1092 4129 dte
1109 4072 1254 4128 celebrari
1263 4073 1300 4127 ob
1312 4071 1414 4128 eodem
1426 4083 1521 4129 socer·

192 4181 253 4235 darn
282 4183 407 4240 missione
443 4197 502 4240 cunt
532 4185 663 4243 uberrimo
697 4192 843 4248 animarum
1043 4159 1111 4214 ‘¹⁰⁸⁰
1150 4159 1258 4226 ‘'⁶⁸⁰¹“
1299 4161 1422 4218 “mm
1466 4161 1521 4225 Ψ·

191 4267 289 4334 iructu,
303 4270 359 4336 iem
378 4271 411 4324 ad
430 4273 550 4326 nltimam
570 4273 639 4328 diem
653 4276 697 4340 pia
716 4280 844 4335 exercitia
892 4279 893 4284 ’
1042 4249 1141 4313 ⁸⁶⁰⁹¹³

190 4354 359 4420 perunxerat.
400 4359 457 4414 iant
500 4359 615 4414 instabat
652 4367 843 4420 communionis
999 4331 1029 4389 ⁵⁸
1044 4333 1119 4398 om
1152 4331 1188 4388 αθ
1223 4335 1335 4400 mm
1372 4331 1521 4390 ‘mm
1601 4379 1602 4388 .

1042 4422 1253 4477 Fleriberttt

193 4475 323 4490 ψ

190 4527 229 4592 (¹)
253 4535 280 4585 et
301 4533 429 4590 Rubricae
451 4536 488 4590 de
509 4534 613 4604 desset.
639 4542 684 4595 ιιι.
708 4542 737 4595 Χ.
761 4555 790 4598 o.
811 4547 839 4598 ι.
1123 4505 1263 4564 smum

240 4601 269 4654 Ν·
289 4601 366 4668 edii)
921 4592 982 4648 261.
998 4598 1071 4651 -it
1092 4594 1135 4650 od
1151 4597 1187 4649 1m
1209 4599 1310 4658 osaea.
1339 4597 1519 4652 Acritercos·

190 4601 277 4736 ι’)(ιι.
298 4673 370 4728 223.
392 4676 422 4737 o.
441 4677 476 4733 il.
497 4677 540 4740 (ii.
561 4677 641 4746 etiit.)
867 4677 1045 4739 convertitur.
1074 4685 1175 4750 iiegant
1193 4687 1385 4742 communiter
1401 4682 1517 4748 ibeoiosi
