3176 4994
189 223 242 280 590
713 222 753 276 bii
769 221 986 278 stultssimus

188 361 333 419 honestatis
363 373 397 416 ex
417 361 549 426 prioribus
570 361 736 426 sponsalibus
762 373 839 416 eaor·
863 362 933 415 laeta
957 359 1008 414 init
1033 358 1066 412 de
1088 370 1118 413 re
1139 357 1247 425 illinita,
1276 362 1306 414 et
1327 365 1534 426 oonsepnenter

189 455 254 507 tuor.
273 476 308 488 -
333 449 470 515 uoomp.
491 460 522 503 a.
540 450 613 503 dit.
863 446 946 502 nnlia.

915 533 968 588 lies
988 531 1075 587 obstat
1095 527 1125 581 1⁰
1140 531 1210 596 prod
1228 529 1426 586 (teudoldus
1445 537 1532 598 poste

396 615 546 688 CASUS
566 615 629 686 IV,
863 618 932 674 riora
949 618 1082 685 sponsalia
1105 617 1250 682 iuramento
1268 618 1445 674 iirmurerit:
1475 631 1531 673 nrn

863 704 1038 770 iuramentum
1064 705 1155 771 nequit
1181 715 1240 758 esse
1263 705 1410 760 omentum
1436 705 1530 773 iniqui

320 759 486 817 mmm
504 758 708 814 smmum·
863 793 935 856 tatis,
950 788 1004 845 'neo
1015 792 1124 858 proinde
1138 791 1242 846 iirrnare
1258 795 1351 857 potest
1370 794 1530 858 promissio

242 877 838 937 1⁸tiendulluscordniaomatrimonium
864 878 1036 943 nennrlelure
1055 878 1171 933 naturali
1187 879 1320 946 inipnam3
1339 879 1529 944 loramentum

190 967 313 1034 priuatim
349 967 478 1033 promisit.
525 968 578 1022 sed
608 966 672 1021 laeti
702 964 838 1031 poenitens
865 965 935 1020 enim
951 964 1070 1033 seqnitur
1086 969 1207 1020 naturam
1225 969 1308 1020 aetus.

191 1066 260 1108 nora
270 1053 402 1109 contraxit
414 1055 555 1119 sponsalia,
566 1053 715 1120 iuramento
726 1052 838 1118 ilrmata,
917 1051 970 1106 lieu
1000 1051 1087 1106 obstat
1114 1045 1386 1117 Panormitae
1412 1065 1454 1108 ex
1473 1065 1529 1106 oon·

191 1151 252 1195 enm
268 1141 401 1204 Periba,
421 1151 489 1207 puae
506 1142 586 1206 panio
602 1142 663 1205 post
678 1149 712 1192 er
729 1149 760 1192 eo
777 1149 840 1192 eon·
864 1137 945 1192 sortio
971 1149 1031 1191 eum
1061 1136 1224 1191 Gendniio
1250 1138 1364 1201 masida
1397 1143 1526 1203 eraserit,

191 1225 269 1291 oepit
306 1225 450 1282 condietur
475 1230 562 1279 antem
592 1223 752 1279 matrimonii
777 1235 840 1278 oon·
865 1223 926 1292 quia
951 1223 1144 1278 inoommodnm
1170 1224 1253 1289 iilud,
1281 1225 1355 1291 qnod
1387 1236 1432 1281 ex
1463 1228 1528 1282 laste

190 1311 312 1366 tranendt
341 1325 433 1378 eausa,
469 1315 497 1366 et
523 1312 638 1378 parocho
675 1321 729 1365 rem
759 1313 840 1366 totam
867 1311 1021 1366 dendnili
1049 1311 1189 1365 Peribae
1219 1311 1319 1375 euenit,
1353 1311 1401 1377 lus
1435 1315 1528 1379 prioris

190 1399 285 1464 aperit.
316 1400 405 1454 Nescit
422 1400 510 1453 antem
527 1398 712 1463 confessarios,
731 1397 795 1465 prid
812 1397 839 1451 in
864 1409 977 1463 sponsae
1004 1395 1112 1450 minime
1139 1396 1224 1463 toilit3
1251 1397 1375 1452 homines
1402 1399 1528 1454 enimn

191 1486 271 1541 tantis
294 1485 424 1548 angustiis
448 1485 483 1539 sit
504 1486 650 1551 poenitenti
676 1484 839 1540 suadendum
863 1485 922 1550 lure
951 1495 1000 1538 suo
1013 1481 1053 1548 (¹)
1079 1483 1201 1536 insistere
1230 1487 1340 1546 possunt
1369 1489 1400 1539 et
1428 1485 1526 1549 soient

190 1573 234 1626 vei
253 1570 475 1637 praeripiendum.
512 1573 602 1639 ltaque
623 1572 688 1625 sinit
706 1573 782 1626 ilium
800 1571 839 1625 ni·
866 1571 986 1637 nepieeto
1004 1570 1112 1636 damno,
1137 1570 1207 1635 qnod
1229 1569 1288 1624 aliis
1306 1570 1375 1625 inde
1391 1573 1526 1638 sennium

191 1658 274 1711 terius
285 1656 437 1723 proeedere,
458 1659 527 1725 qnod
543 1660 607 1713 tetii
622 1659 679 1723 iile,
698 1658 840 1712 cordula
865 1661 994 1721 Attamen,
1015 1655 1038 1710 si
1056 1657 1115 1711 iere
1133 1656 1317 1710 detrimentum
1339 1657 1431 1722 priori
1450 1671 1527 1724 spon·

191 1743 308 1809 eiurante
325 1748 353 1798 et
371 1746 397 1799 in
415 1743 625 1810 desperationem
644 1743 765 1798 abeunte.
808 1805 810 1810 ,
865 1757 912 1799 sae
929 1742 1062 1808 obveniat,
1082 1745 1148 1797 baeu
1160 1743 1239 1797 enixe
1257 1743 1415 1799 inducenda
1428 1751 1482 1810 est,
1502 1755 1527 1798 nr

242 1823 272 1879 b·
306 1831 468 1885 Paternus
501 1831 636 1896 sponsalia
669 1829 746 1884 inivit
780 1840 840 1883 aum
866 1830 899 1885 de
917 1831 978 1896 inre
996 1842 1047 1885 sno
1071 1831 1099 1884 ln
1121 1831 1237 1885 favorem
1259 1830 1421 1898 posterioris
1441 1834 1524 1886 eadat

190 1916 325 1971 Aurelia.
356 1917 408 1972 sed
420 1916 540 1983 subinde,
559 1929 592 1971 ea
609 1916 766 1982 posthabita,
786 1915 839 1969 alia
866 1943 900 1955 -
924 1920 953 1971 S.
977 1916 1036 1982 rip.
1060 1928 1089 1971 a.
1115 1915 1188 1971 848.
1212 1942 1247 1954 -
1264 1916 1347 1974 litei
1367 1931 1397 1974 aa
1429 1923 1483 1973 17.
1500 1925 1525 1972 ei

190 2003 334 2069 sponsalia,
353 2005 406 2058 imo
422 2008 448 2057 et
464 2003 550 2069 ipsum
566 2003 762 2058 matrimonium
778 2015 841 2056 eon·
865 2015 925 2070 sep.
945 2030 980 2041 -
1004 2004 1028 2061 i.
1048 2005 1142 2068 comp.
1166 2004 1238 2057 727.

191 2088 497 2155 tranitsnuriiuialia,
517 2092 679 2156 anaemaris
693 2090 838 2155 eipiaenit.
917 2085 979 2145 848.
1000 2117 1034 2128 -
1050 2091 1084 2158 li.
1104 2087 1194 2144 adl·
1208 2092 1310 2153 peaes.
1338 2089 1519 2154 Paternus,

189 2175 299 2241 verrom
323 2177 385 2231 dum
402 2189 514 2242 sponsus
531 2188 655 2243 sponsam
675 2178 709 2231 ab
728 2177 840 2234 eeclesia
866 2175 939 2230 initis
969 2176 1055 2233 salide
1084 2175 1252 2242 sponsalibus
1284 2186 1347 2230 rum
1378 2177 1517 2240 inseiis,

190 2263 329 2318 reduceret
352 2274 449 2329 masna
466 2263 608 2318 eomitante
634 2267 752 2330 eaterra,
779 2276 840 2318 eeoe
866 2274 960 2319 noram
978 2261 1177 2328 promissionem
1195 2261 1271 2317 alteri
1289 2261 1383 2316 faeere
1401 2273 1457 2315 non
1471 2273 1519 2327 po·

190 2349 323 2406 Eulalia
341 2351 439 2406 sonuit
456 2350 593 2406 exanimis.
624 2352 749 2407 amelia
767 2361 839 2412 vero.
867 2351 926 2413 tuit,
946 2351 1035 2416 ntJarn
1049 2349 1077 2403 in
1089 2350 1170 2415 ltesp.
1191 2346 1234 2403 ori
1244 2346 1281 2400 1m
1296 2352 1404 2413 peaes.
1426 2349 1523 2404 dietum

190 2435 305 2490 similem
325 2440 422 2492 sortem
442 2437 551 2492 minime
572 2449 680 2503 verens,
708 2440 786 2502 urget
814 2441 841 2491 et
867 2442 915 2491 est.
943 2436 1034 2491 valide
1051 2441 1139 2490 tannen
1157 2418 1354 2490 matrim'oninm
1374 2447 1440 2490 enm
1457 2449 1522 2490 nora

190 2522 284 2588 instat,
308 2527 338 2577 ιιι
360 2523 519 2580 Paternus
544 2523 622 2578 ndum
640 2523 666 2577 ei
687 2525 840 2589 promissam
867 2535 962 2590 sponsa
979 2522 1117 2590 eontraxu,
1139 2523 1200 2589 onia
1217 2522 1381 2587 praesede-
1394 2523 1522 2591 obligatio

191 2613 289 2663 teneat
323 2611 420 2664 iiaeret
442 2617 530 2664 antem
548 2610 619 2675 ipse,
647 2610 781 2676 nesciens,
805 2621 841 2663 an
867 2611 1083 2676 impedimentum
1094 2609 1239 2676 impediens
1251 2611 1364 2672 mntnm,
1385 2621 1447 2663 non
1464 2621 1522 2667 rens

190 2695 219 2752 ri
239 2697 355 2760 priorum
380 2697 542 2761 sponsalium
569 2696 728 2751 ameliam
754 2697 841 2751 adbno
868 2699 993 2752 dulmens
1009 2696 1122 2752 indnnit
1139 2721 1174 2732 —
1199 2697 1264 2751 i'oit.
1285 2707 1315 2750 n.
1336 2697 1440 2750 1152.

191 2780 286 2835 duoere
304 2782 408 2835 debeat.
919 2781 980 2838 849.
995 2809 1030 2821 -
1046 2785 1078 2839 li.
1093 2779 1136 2836 ad
1147 2778 1186 2833 3²¹¹
1200 2783 1301 2844 onnes.
1325 2779 1521 2846 affirmative,

240 2862 311 2918 ΗΜ
868 2875 962 2928 saltem
978 2882 1031 2937 per
1048 2882 1080 2925 se
1097 2865 1253 2935 loquendo,
1272 2871 1301 2921 nt
1318 2879 1401 2934 snpra
1422 2869 1524 2924 dietum

190 2950 405 3019 Quaer.1⁸Ao
424 2952 626 3020 conuulfus
646 2957 782 3012 teneatur
800 2955 843 3012 ati
869 2965 910 3014 est
930 2961 959 3013 in
979 2956 1149 3022 responsione
1172 2955 1205 3010 ad
1229 2958 1331 3018 mones.
1357 2951 1376 3006 3
1428 2959 1524 3012 casus

363 3042 581 3096 matrimonium
599 3053 666 3096 cerm
683 3042 840 3099 borovia
866 3041 1075 3113 praecedentis.
1113 3041 1243 3107 obligatio
1265 3039 1335 3094 enirn
1358 3042 1439 3105 prins
1463 3057 1524 3098 eon·

363 3126 532 3195 immodum,
542 3128 591 3184 oei
598 3134 712 3196 commu,
723 3143 766 3186 oo
774 3143 840 3186 com
867 3135 951 3190 traria
968 3144 1027 3185 enm
1046 3128 1169 3185 imelia
1187 3127 1271 3181 adhue
1283 3127 1415 3193 subsistit,
1437 3137 1467 3184 et
1478 3143 1525 3196 per

363 3215 505 3271 Bertdu
525 3219 698 3272 commouere
720 3215 840 3271 deleuit
866 3218 988 3274 arridens
1014 3221 1070 3280 est,
1098 3216 1182 3284 qnod,
1207 3214 1400 3270 interueniente
1431 3219 1523 3272 matri·

320 3297 404 3357 Phio
432 3303 611 3358 Paternus
640 3301 738 3358 solida
773 3316 840 3361 coo·
866 3307 955 3361 monio
964 3316 1024 3359 oum
1036 3300 1274 3376 odalaiiqnamdln
1285 3310 1419 3366 suspensa
1431 3305 1523 3359 inerit

364 3391 491 3442 traxerit
518 3400 596 3444 novo
625 3391 778 3455 sponsalib
812 3393 842 3444 ei
866 3417 901 3429 —
919 3395 947 3444 s.
967 3389 1027 3456 tip.
1046 3401 1075 3444 n.
1097 3391 1169 3443 875.
1183 3414 1217 3426 -—
1242 3387 1299 3443 voit
1316 3398 1346 3444 a.
1368 3391 1469 3445 risi.
1492 3418 1524 3428 —

364 3476 459 3539 ipsum
472 3478 690 3531 matrimonium
699 3489 766 3532 cum
776 3480 840 3534 Eu·
873 3480 897 3536 ii.
920 3477 1014 3540 comp.
1035 3487 1064 3530 m.
1087 3476 1157 3529 720.
1181 3476 1252 3529 733.

364 3561 474 3626 lolio,
495 3562 664 3625 posthabito
691 3565 840 3619 amelio?
919 3559 1069 3618 850.—!i.
1090 3558 1185 3617 tritim
1211 3563 1313 3625 oooes.
1345 3562 1525 3618 siamelta

319 3643 351 3702 3·
362 3649 404 3703 io
424 3646 614 3713 Paternus,
638 3652 755 3704 mortuo
776 3652 840 3706 Eu·
868 3655 895 3705 et
924 3650 1057 3705 liniatis
1083 3649 1322 3714 sororesrinorint,
1352 3648 1525 3704 Paternus

363 3730 472 3799 iulia,
509 3737 646 3788 remoror
674 3736 840 3794 lmeiiom
867 3737 1038 3804 posteriorem
1066 3733 1155 3790 relide
1182 3735 1277 3789 dooere
1300 3745 1352 3788 non
1374 3737 1467 3798 potuit
1491 3737 1524 3790 ob

363 3817 484 3874 deremet
868 3823 1084 3891 inpedimentum
1101 3820 1223 3885 pnbueae
1241 3821 1384 3878 nonmtaiis
1397 3833 1432 3875 ea
1453 3823 1525 3887 prio

321 3901 352 3955 4⁰
365 3903 439 3967 obsid
455 3905 491 3960 rte
509 3917 596 3972 casu,
620 3909 650 3961 si
665 3909 795 3964 amelio
813 3913 843 3965 ei
866 3912 939 3967 ribos
956 3907 1122 3975 sponsalibus
1139 3910 1267 3962 exortum.

364 3993 510 4049 Poioiio
528 4005 643 4050 sorores
660 3995 788 4060 mertui?
919 3998 957 4052 ld
976 3996 1088 4062 priorem
1106 3995 1186 4060 igitur
1202 3993 1287 4048 redire
1309 3992 1394 4059 potnit
1406 4007 1410 4016 ·
1422 4001 1451 4049 et
1467 4007 1525 4058 per

447 4075 585 4136 Solutio.
867 4097 899 4140 oe
916 4085 1016 4150 debuit,
1036 4083 1098 4150 quis
1115 4081 1310 4137 matrimonium
1331 4080 1452 4136 invalide
1469 4083 1524 4137 ini·

243 4158 303 4218 847.
324 4168 401 4221 —lt
416 4165 505 4222 aule
519 4170 620 4230 oooes.
660 4169 841 4226 tiendnitns
868 4178 922 4226 tnnn
940 4175 994 4237 est,
1017 4183 1067 4224 neo
1085 4171 1114 4224 in
1131 4182 1163 4225 eo
1180 4179 1243 4224 casn
1264 4167 1462 4222 matrimonium
1481 4172 1524 4225 in·
1567 4191 1568 4252 p

192 4255 297 4307 tenetur
325 4256 395 4306 stare
431 4254 560 4317 prioribus
598 4255 765 4319 sponsalibus
793 4269 841 4311 sen
869 4259 986 4315 ualidum
1002 4255 1218 4324 impedimentum
1236 4254 1359 4321 publicae
1370 4257 1524 4312 honestatis

192 4340 298 4404 nuptias
324 4351 384 4393 eum
407 4340 551 4394 cordula
577 4341 654 4396 inire.
692 4343 767 4397 ilatio
790 4349 838 4409 esi,
867 4345 979 4408 indnoit,
1005 4357 1065 4400 ounr
1082 4346 1117 4399 sit
1134 4355 1200 4398 unus
1218 4353 1233 4395 e
1254 4341 1356 4396 duobus
1377 4343 1523 4398 oasibnsa
1567 4349 1568 4412 ξ

192 4426 251 4489 onia
280 4427 368 4491 priora
396 4427 532 4490 sponsalia
563 4427 670 4482 luerunt
696 4431 785 4483 valida
814 4435 841 4485 et
867 4433 960 4497 regula
989 4431 1106 4496 generali
1136 4435 1269 4494 enoeptns.
1301 4455 1334 4466 —·
1364 4429 1388 4484 ι’.
1417 4431 1519 4497 comp.
1567 4415 1568 4458 ³

192 4510 301 4573 proinde
318 4524 372 4565 non
389 4511 452 4563 lieet
467 4522 562 4577 sponso
574 4515 768 4571 matrimonium
780 4528 839 4571 eum
868 4530 895 4572 o.
917 4520 989 4572 818.

192 4595 246 4647 alia
264 4598 416 4650 eontrninere
434 4597 493 4649 sine
510 4606 639 4649 consensu
652 4600 746 4662 prioris
760 4615 838 4667 spop-
869 4640 997 4650 ..-

193 4689 246 4730 sae.
284 4683 349 4746 Ergo
364 4681 500 4746 promissio
522 4680 680 4734 matrimonii
701 4684 838 4743 liertiae
866 4687 905 4752 (¹)
922 4688 950 4744 in
967 4701 1064 4755 genero
1083 4717 1115 4728 —
1134 4689 1178 4752 (ii.
1198 4689 1277 4753 edit.)
