3184 4996
549 181 589 236 ltu
608 181 735 236 cistulis
753 179 947 236 litsuitvnils.
1362 172 1414 226 521

89 315 221 370 concedit.
270 316 376 371 dubitat
403 323 490 372 autem
520 324 624 385 postea,
654 324 740 374 utrum
819 316 879 374 ott.
905 345 938 356 -
963 320 992 372 ii.
1008 315 1058 370 'ad
1074 312 1112 366 2¹·
1129 318 1232 378 paces.
1268 315 1412 380 lt'eaatice.

90 402 389 458 excommunicationem
408 405 552 458 incurrerit.
766 407 893 462 sacerdos
910 405 981 460 eninr
994 404 1114 468 complex
1132 401 1249 454 totaliter
1265 399 1415 454 destituitur

144 491 210 542 5¹¹⁰
764 494 946 559 iurisdictione
967 493 995 545 ln
1013 489 1180 553 complicem,
1203 484 1348 551 usquedum
1372 484 1415 540 liic

90 573 213 643 Quacr.
226 570 306 630 1⁰Am
323 575 484 640 atipaanda
505 577 645 632 sacerdos
665 589 741 633 eom·
768 581 801 634 alo
818 582 870 634 alio
887 578 970 632 semel
989 577 1125 630 ansolutru
1137 573 1226 636 merit,
1246 573 1283 626 lto
1300 578 1330 624 nt
1341 571 1414 626 inra-

263 663 369 726 piieem
392 665 423 718 in
442 669 564 728 peceato
588 669 669 731 turpi
692 666 741 720 ad·
766 667 820 720 ilda
838 665 872 719 sit
888 675 994 730 prorsus
1010 662 1141 717 absolutio
1159 661 1191 715 ab
1209 660 1265 724 ipso
1284 659 1416 723 impertita

266 748 378 802 soicere
396 753 504 813 pascit,
535 754 607 816 eain
627 764 740 808 eseam·
767 764 819 806 non
836 752 921 806 solnm
939 752 1024 816 quoad
1036 755 1182 815 peccatum,
1201 749 1274 813 euius
1292 747 1343 799 nuit
1356 757 1415 810 par·

267 837 494 891 musitationem
510 840 660 893 incarnati
766 841 863 904 ticeps,
888 837 936 891 sed
963 837 1042 891 etiarn
1069 835 1153 900 quoad
1179 838 1267 888 cetera
1295 833 1413 897 peccata,

223 916 254 970 2⁸
265 921 306 974 in
319 919 624 980 catidasitadsoiatio
636 927 741 981 saitem
769 937 878 992 quorum
901 925 929 978 ln
949 923 1043 976 eadem
1062 921 1228 976 confossione
1249 931 1280 974 se
1296 919 1413 972 amussi.

267 1008 392 1062 aiiocasm
408 1015 609 1070 peccatoram.
632 1013 662 1065 si
674 1025 742 1077 poe·
767 1012 881 1076 intertum
903 1022 937 1062 ex
959 1008 1046 1062 verbis
1069 1007 1199 1071 expressis
1221 1004 1337 1069 eiusdem
1357 1003 1415 1058 hul·

268 1094 365 1148 nitens
390 1092 480 1158 inem
507 1099 538 1150 in
568 1097 646 1152 iana
673 1096 741 1164 tide,
768 1099 810 1150 lae
832 1093 1094 1158 Benediciiiiit'.,
1118 1091 1293 1147 ubidicitur:
1318 1101 1415 1145 sacm-

264 1183 300 1232 at
319 1179 362 1240 iii,
386 1185 499 1246 quoties
521 1181 556 1236 dc
582 1186 653 1240 aitis
676 1198 741 1249 pec·
769 1183 863 1238 dotem
889 1181 1056 1247 complicem
1086 1179 1200 1243 prioaci
1224 1178 1304 1231 omni
1322 1176 1417 1239 iaris-

266 1268 342 1320 caiis
359 1270 517 1323 reserantis
533 1272 649 1334 epitasi
769 1269 897 1326 dictione
918 1266 961 1322 ad
980 1269 1093 1322 sociam
1114 1265 1246 1320 criminis
1266 1262 1416 1319 adscicen·

222 1347 253 1402 ³⁰
264 1355 307 1407 dn
341 1355 477 1410 incorrat
510 1360 743 1413 excommnnica-
769 1356 853 1421 dam,
872 1358 939 1420 „ita
957 1359 993 1410 ast
1008 1353 1167 1407 aisoiuiia.
1181 1389 1206 1405 ..
1227 1350 1311 1404 naiia
1329 1352 1417 1414 atprse

267 1442 523 1495 tionemsacerdas
534 1445 674 1509 comples,
693 1447 745 1509 paci
770 1444 879 1509 „irrita
897 1443 1015 1497 ommno
1031 1441 1081 1504 sii,
1099 1442 1233 1503 tanquan
1250 1435 1382 1500 impertita
1399 1447 1416 1486 a

266 1525 478 1589 consessionem
502 1527 595 1595 audit,
620 1543 680 1586 non
698 1537 742 1586 ta·
769 1529 934 1596 „sacerdote
953 1528 998 1594 oui
1008 1524 1190 1598 Junsdietione
1201 1527 1229 1578 et
1241 1523 1365 1578 iacuitato
1382 1520 1416 1574 ad

267 1623 333 1666 mem
351 1612 492 1668 meolcitt
768 1616 879 1682 „valide
904 1613 1093 1669 absolvendum
1122 1609 1269 1665 necessaria
1298 1607 1416 1673 privatius

223 1695 253 1750 4⁰
267 1697 341 1760 occid
357 1698 400 1752 ad
413 1703 569 1767 adoneae
589 1706 707 1757 casam?
768 1701 922 1768 „exsistit.“
934 1727 967 1738 -
981 1703 1007 1754 S.
1022 1699 1081 1765 Lip.
1096 1711 1125 1753 n.
1140 1696 1211 1750 att.
1225 1721 1259 1731 -
1276 1694 1305 1746 ii.
1319 1693 1416 1757 domp.

350 1782 488 1842 Solusso.
768 1805 798 1846 n.
820 1793 893 1845 584.

146 1868 207 1926 612.
227 1901 260 1913 -
280 1877 308 1929 ii.
330 1871 373 1926 ad
391 1874 428 1927 11α
448 1876 549 1937 dam.
587 1876 679 1929 liutius
701 1889 742 1928 sa·
820 1873 881 1930 614.
901 1901 935 1912 -
953 1877 984 1930 il.
1009 1869 1052 1928 ad
1072 1868 1111 1923 iim
1130 1873 1232 1934 osaea.
1264 1863 1416 1930 Negandum

91 1959 185 2012 cerdos
209 1959 347 2013 absoluere
368 1967 454 2026 potest
480 1962 635 2028 complicem
664 1974 741 2016 snum
768 1959 1072 2025 cinnomannio.
1094 1971 1122 2012 n.
1143 1959 1217 2012 otii.
1253 1955 1367 2008 interior
1384 1961 1418 2003 ex

92 2048 120 2099 in
139 2053 247 2110 peccato
264 2047 333 2112 turpi
354 2049 469 2112 grauiter
485 2049 623 2115 eupiunt,
646 2056 673 2104 et
693 2052 743 2105 noc
770 2053 842 2106 nulla
863 2047 1015 2105 Benedicti
1035 2047 1101 2102 iili.
1137 2047 1216 2100 inter
1233 2040 1417 2105 praeteritas,

90 2132 141 2186 sua
157 2143 243 2197 poena
261 2137 544 2200 excommunicationis,
564 2137 614 2190 nial
627 2140 658 2192 in
670 2151 743 2194 caso
769 2139 814 2192 uisi
839 2137 947 2201 dicitnr,
973 2136 1122 2189 incinere
1142 2124 1417 2184 excommonicatio-

92 2224 243 2274 ectremae
272 2225 458 2277 necessitatis
483 2237 531 2277 seu
560 2226 591 2279 in
617 2227 743 2280 animato
769 2235 835 2280 nem
852 2219 1044 2283 sacerdotem,
1067 2219 1120 2284 pai
1135 2217 1285 2281 complicis
1306 2207 1418 2274 canses·

92 2306 205 2360 mactis.
241 2307 294 2360 sed
316 2309 395 2362 etlam
417 2310 445 2362 in
468 2323 500 2364 eo
523 2323 586 2364 casu
610 2324 662 2364 non
685 2325 743 2378 per·
770 2313 881 2366 sionem
904 2309 1014 2372 eccipit
1040 2317 1160 2372 eampse
1181 2301 1313 2357 adsonis.
1351 2299 1418 2360 Ergo

91 2392 207 2447 mittitur
216 2395 346 2449 sacerdoti
358 2394 496 2451 sltsolvere
510 2399 673 2462 complicem,
693 2397 745 2451 nisi
770 2409 804 2451 ex
832 2400 921 2451 mente
944 2393 1075 2449 Ponticis
1101 2403 1155 2444 non
1181 2387 1279 2442 suiilcit
1304 2380 1419 2447 canses·

94 2479 200 2533 dedolat
225 2481 380 2548 quicumque
409 2484 493 2546 alius,
524 2485 604 2538 etiam
631 2485 744 2550 simplex
770 2484 828 2546 sio,
864 2482 911 2536 sed
939 2478 1081 2546 requiritur
1115 2475 1261 2530 adnotatio
1293 2471 1325 2524 ad
1356 2481 1418 2521 cen·

93 2565 225 2630 sacerdos,
245 2568 288 2633 pul
307 2570 497 2624 absolutionem
510 2571 638 2636 impertiri
650 2572 742 2637 possit.
769 2581 858 2623 suram
875 2566 1068 2622 incurrendam.
1083 2590 1116 2601 -
1140 2563 1164 2618 l'.
1179 2563 1275 2624 domp.
1296 2571 1324 2612 n.
1343 2558 1416 2610 588.

95 2653 202 2705 constat
219 2663 252 2706 ex
273 2654 348 2708 aulis
369 2653 522 2712 Benedicti
536 2657 602 2712 illl.
628 2660 745 2722 Aposto-
772 2656 800 2718 d.
822 2652 862 2708 8⁰.

95 2737 340 2806 liciniacensis,
360 2743 579 2809 inquantum:
599 2744 744 2810 ‚maroe-
821 2737 882 2794 cic.
902 2765 935 2777 -
953 2741 984 2794 n.
1004 2735 1048 2793 aa
1065 2734 1109 2788 4·
1127 2739 1229 2800 osnes
1267 2725 1297 2780 1⁰
1317 2724 1420 2791 panca

96 2837 191 2892 „mus,
214 2839 248 2881 ne
272 2829 368 2894 alionis
390 2831 536 2891 (sacerdos)
560 2837 635 2885 erma
655 2844 743 2887 tasoni
767 2831 892 2894 primam
911 2837 1029 2881 casam:
1046 2822 1199 2878 ultianus
1215 2815 1333 2871 invalide
1345 2823 1418 2878 pror·

93 2915 265 2976 „ecicemae
275 2917 470 2981 necessitatis,
481 2917 614 2983 nimirum,
625 2920 745 2985 tuipsius
769 2929 815 2970 sus
837 2919 957 2969 tunam
986 2909 1139 2976 complicem
1169 2903 1294 2968 absoluit,
1321 2900 1418 2967 quippe

92 2999 208 3062 „nortis
231 3001 341 3056 articulo
368 3007 396 3055 et
424 3003 563 3059 deficiente
589 3011 652 3060 tunc
681 3019 744 3074 ono
770 3003 814 3070 qni
835 2999 1016 3066 iurisdictione
1038 2998 1066 3052 ln
1084 3007 1143 3050 eam
1166 2991 1283 3047 totaliter
1301 2986 1416 3042 cantat.

94 3096 227 3154 „cumdii
255 3088 310 3141 ⁸¹¹⁰
338 3093 488 3154 8111111011,
519 3093 562 3158 iiiii
589 3094 744 3149 confessarii
771 3087 995 3156 deposcamus
1018 3085 1266 3142 iexlneocasu,
1290 3074 1351 3142 auia
1373 3073 1419 3127 lex

96 3184 213 3236 „monus
231 3173 303 3228 obire
324 3175 420 3239 possit,
444 3178 636 3233 contessionem
657 3193 744 3235 socra-
770 3176 875 3230 irritans
898 3186 951 3229 non
968 3177 1055 3228 cessat
1072 3172 1106 3225 olo
1127 3164 1319 3224 incommodum
1337 3158 1419 3226 111011·

97 3261 260 3322 „mentalem
283 3273 410 3325 personae
434 3264 570 3330 complicis
591 3268 618 3318 ln
637 3273 745 3332 peccato
770 3273 882 3328 tumide
903 3260 1077 3326 ltrflwliitt
1105 3259 1135 3311 ut
1160 3255 1244 3309 f⁰³¹⁰⁸
1269 3251 1370 3304 ‘¹¹⁰²‘fl‘
1391 3245 1420 3298 111

97 3345 285 3412 „cupiatque
302 3347 441 3403 inhonesto
462 3357 553 3406 contra
574 3357 678 3408 sermm
700 3354 745 3408 de·
770 3361 835 3403 casn
856 3347 984 3414 soluenti-
1022 3347 1059 3400 Εἰ
1085 3337 1310 3408 1111111111111
1327 3335 1393 3387 8311
1393 3343 1420 3385 ²·

98 3431 208 3496 „addidi
241 3439 409 3500 irtetcptum
445 3438 582 3492 commisso
621 3441 744 3504 excipere
771 3447 838 3488 mae
859 3431 1046 3489 necessitatis
1067 3441 1143 3483 casus
1166 3425 1304 3491 exeipltcr.
1331 3445 1365 3456 —
1391 3421 1420 3472 S.

98 3517 231 3582 „sudeat,
256 3521 299 3573 ita
320 3525 355 3574 at
370 3522 572 3578 mactatio...
591 3527 678 3581 nstiia
701 3531 746 3582 at·
773 3523 833 3588 tp.
853 3518 966 3576 ididem.
1004 3517 1116 3574 Proinde
1139 3514 1288 3571 Titianus
1310 3507 1422 3562 incurrit

99 3615 174 3668 „pne
192 3605 279 3660 irrita
296 3608 413 3663 omnino
431 3611 472 3664 sii
489 3609 567 3665 etc.“
774 3606 1084 3668 excommunicationem,
1108 3602 1160 3657 nisi
1182 3601 1250 3656 bona
1268 3599 1319 3653 ude
1337 3595 1370 3648 ab
1388 3605 1421 3646 es

151 3691 285 3754 Excipitur
308 3699 397 3748 tamen
425 3707 517 3763 cacus,
545 3699 573 3752 ln
600 3711 651 3765 uuo
677 3699 747 3753 ullos
773 3698 914 3750 excusatus
943 3692 1031 3747 inerit.
1073 3695 1189 3745 tunam
1217 3699 1279 3744 rero
1315 3693 1421 3738 monere

99 3777 221 3830 sacerdos
238 3782 325 3834 vocari
343 3792 396 3835 non
411 3783 493 3848 possit
513 3786 570 3840 sine
582 3780 621 3848 (¹)
638 3784 747 3840 iniomia
774 3782 867 3846 debet,
891 3781 1082 3835 ahsolutionem
1101 3791 1116 3831 a
1134 3789 1163 3831 se
1180 3777 1338 3842 impertitam
1357 3777 1422 3834 nai·

99 3864 142 3916 rel
166 3866 301 3920 mandato.
338 3871 370 3922 lt
390 3871 513 3924 sacerdos
539 3872 661 3936 complex
682 3872 748 3925 talia
774 3869 835 3922 iam
864 3873 942 3932 atoue
968 3866 1084 3920 acidam
1111 3876 1181 3926 esse,
1214 3870 1242 3918 ut
1271 3864 1317 3918 ilie
1353 3864 1421 3932 apud

99 3951 214 4016 perionis
243 3953 369 4008 inianlae
403 3957 448 4010 rei
481 3957 599 4011 scandali
628 3963 748 4012 evenere
774 3955 856 4008 allum
874 3953 1063 4008 couiemlonem
1082 3951 1168 4006 iteret.

100 4037 192 4101 debet,
212 4039 234 4091 si
251 4040 348 4104 possit,
367 4042 415 4095 suli
434 4041 525 4096 eadem
543 4053 627 4109 poena
644 4056 748 4098 excom·
830 4036 861 4095 2⁰
874 4037 1277 4103 oaaadaecasndssmcasson:
1297 4035 1421 4092 callix-

101 4125 297 4189 munlcotionls‚
321 4129 385 4182 licet
401 4136 463 4182 tunc
482 4130 571 4184 valide
590 4129 747 4196 absolveret,
774 4132 824 4182 tus
853 4127 954 4182 nullam
978 4125 1087 4181 incurrit
1115 4124 1419 4186 excommunicationem,

101 4211 123 4264 si
142 4224 194 4266 non
211 4217 352 4291 crerierct.
389 4215 432 4270 sic
451 4228 484 4270 ex
502 4215 593 4270 eadem
612 4216 694 4272 bulla.
714 4245 748 4256 -
774 4212 1018 4270 scilicetaudlendo
1031 4211 1135 4279 putten
1148 4213 1339 4268 contessionem
1351 4221 1423 4265 com·

108 4299 131 4352 i'.
151 4300 179 4350 S.
198 4298 257 4363 dia.
277 4311 307 4354 n.
330 4303 401 4356 did.
776 4301 861 4368 pilcis,
881 4301 927 4354 sed
945 4312 1004 4356 eam
1021 4311 1075 4354 non
1095 4299 1263 4354 absolvendo.
1301 4296 1423 4362 sequitur

101 4436 230 4445 -..
777 4402 811 4444 ex
840 4387 925 4442 dictis.
971 4385 1065 4441 illicite
1094 4391 1183 4442 autem
1212 4387 1267 4452 eslt
1296 4382 1424 4437 inutiliter

105 4502 144 4574 (¹)
161 4511 189 4560 et
211 4519 244 4560 ex
266 4510 453 4566 constitutione
476 4475 697 4568 Sacramentum
716 4540 750 4550 —
778 4476 909 4530 ⁸⁰⁶¹⁸¹¹⁶⁰
938 4475 1036 4541 1111111
1064 4475 1190 4529 1111111111
1224 4469 1425 4542 ⁰⁰³¹⁹⁸³¹⁰¹¹0m=

136 4579 180 4641 (ii.
200 4575 279 4638 edit.)
778 4575 844 4630 uuae
863 4563 895 4620 od
914 4563 1106 4619 absolutionem
1123 4565 1225 4616 tentum
1243 4559 1386 4613 ordinatur.

103 4643 137 4713 (⁸)
153 4646 228 4713 graui
247 4673 279 4684 —
299 4650 385 4703 const.
415 4650 580 4715 apostatici.
591 4625 594 4634 ’
607 4651 651 4715 (ti.
672 4653 752 4717 edit.)
