3130 4990
167 129 203 189 24
728 133 768 188 be
786 129 926 188 morbus.

168 271 222 324 elio
249 281 312 324 ccsn
338 275 494 336 opportuno.
537 269 701 326 listovius
728 274 816 324 autem
895 265 937 324 id.
956 295 990 308 ·-
1007 263 1218 324 3'llamnandus
1233 265 1317 322 ctiam
1335 267 1504 332 cstslpis·

167 355 353 412 manducando
371 369 475 420 carnes,
500 357 562 422 qula
583 355 755 422 probabiliter
776 361 817 410 est
841 355 988 422 mundus,
1008 359 1097 422 utpote
1114 353 1219 409 sibimet
1231 353 1280 420 ipsi
1298 353 1503 408 contradicens.

169 442 226 496 dics
244 442 375 497 dominico
393 442 522 507 inchoate,
541 455 573 496 eo
591 441 648 508 ipso
662 441 716 508 ism
734 443 817 496 iacui·
840 442 967 498 validitas
980 443 1051 497 enim
1069 445 1097 496 et
1114 441 1267 496 invaliditas
1279 438 1401 506 eiusdem
1414 442 1505 494 testa·

169 528 218 582 tati
230 529 365 583 renuntiat
381 530 429 582 hac
448 527 491 582 die
508 529 725 584 communicandi.
756 530 815 584 Pro-
841 531 923 584 menti
940 530 1020 584 simul
1037 528 1180 584 consistere
1197 530 1340 596 nequeunt.
1377 525 1432 581 scd
1449 526 1504 580 si·

169 614 232 670 inde
250 615 278 670 ln
295 616 345 669 hoc
366 615 580 680 probabilitatem
602 615 724 671 condictu
746 617 817 681 prior
841 616 1027 682 plemundus
1048 614 1184 670 retinendo
1207 612 1402 668 haereditatem
1424 611 1505 666 aidr-

170 702 198 758 lu
210 703 312 768 praxim
331 701 442 756 deducta
459 702 627 768 posteriorem
644 701 759 767 practice
772 703 816 757 de·
841 707 904 766 mat,
917 705 1100 758 testamentum
1108 699 1300 766 mseralidnm,
1311 698 1504 753 ctrecnsondo

170 791 256 844 simii.
278 790 334 844 Non
347 787 739 854 possuntenlmprobrbilitatcs
752 788 817 844 illae
841 790 944 844 solvere
971 790 1057 853 legato
1085 786 1215 851 aiiirmat,
1248 798 1307 840 csse
1333 784 1501 840 invalidum.

170 875 279 932 seorsim
290 875 413 941 spectari,
432 875 500 930 sicut
515 879 703 940 specioreutur,
723 875 746 930 si
764 875 818 930 ulia
841 877 906 942 drgo
919 875 969 930 sibi
981 873 1144 929 contradicit.
1175 873 1241 938 drgo
1257 871 1427 927 damnandus
1444 876 1498 924 est

172 963 215 1017 dle
232 961 401 1028 probabiliter
417 974 469 1015 non
482 959 589 1026 ieiunus
602 961 815 1016 communicaret.
842 961 940 1016 deinde
966 960 1043 1027 turta
1071 960 1190 1025 regulum
1222 959 1288 1024 luris
1317 953 1362 1010 55.
1394 956 1425 1010 in
1456 952 1498 1008 θ’.

172 1049 227 1104 lina
237 1049 306 1103 enim
320 1061 353 1104 ex
365 1047 466 1103 duobus
478 1047 580 1116 iegibus
592 1047 739 1104 necessario
749 1052 817 1101 etex
840 1049 918 1112 ,uici
939 1047 1028 1102 rectit
1049 1043 1247 1111 commodum,
1277 1045 1387 1098 sentim
1413 1041 1505 1097 dedet

171 1134 261 1190 eodem
273 1134 368 1201 agendi
387 1139 503 1201 tempore
515 1135 637 1189 violatur.
666 1136 733 1200 Ergo
746 1133 816 1188 dam·
843 1133 953 1187 onur.“
965 1159 998 1170 —·
1019 1133 1077 1187 ibit
1093 1145 1121 1188 rr.
1144 1131 1212 1187 104.
1232 1157 1266 1169 -
1278 1131 1410 1186 lancie
1430 1129 1449 1183 l.
1469 1130 1498 1182 1.

169 1223 271 1277 nandm
288 1223 450 1277 Batonius.
843 1232 872 1275 rr.
894 1221 966 1274 37³.
986 1245 1020 1257 -
1038 1218 1119 1276 illici
1133 1231 1161 1274 n.
1184 1217 1254 1272 icc.

585 1577 734 1692 omos
768 1579 831 1692 ne
851 1497 1076 1728 ⁸irrisos.

275 1767 349 1833 occid
365 1769 400 1825 dc
418 1772 512 1836 ispum
530 1771 667 1837 subjecto,
686 1775 931 1839 promotnoitoac,
952 1771 1114 1836 conditore,
1135 1770 1320 1836 citirotioac,
1340 1765 1499 1834 dispenc-

171 1857 265 1912 tione?
282 1883 316 1895 -
331 1855 405 1920 occid
415 1855 451 1912 dc
467 1859 528 1924 tene
539 1859 674 1915 irritante
685 1863 715 1914 ct
724 1860 859 1926 poenali?
870 1887 904 1899 -
920 1857 994 1923 ootd
1010 1857 1045 1913 de
1057 1855 1267 1915 concustodita
1278 1860 1308 1912 et
1315 1855 1500 1921 memiensis?

393 1990 542 2062 CASUS
564 1995 590 2064 l.
1098 1991 1237 2050 solutio.

290 2133 330 2188 ΒΕ
348 2133 500 2190 summ
518 2135 608 2190 ffiffls
626 2132 689 2203 (¹⁰)·
844 2083 938 2224 mardi·
952 2081 1138 2236 suorssnffirl
1154 2085 1296 2225 omer-et
1314 2081 1378 2222 231⁸:
1379 2081 1499 2221 'mxi

222 2255 374 2321 lleianla,
387 2255 749 2324 miserrimamstertamllias,
762 2271 817 2312 mu·
843 2260 953 2314 rationis
965 2259 1134 2314 habituallter
1150 2261 1293 2324 compotes.
1324 2253 1387 2320 Leti
1404 2257 1499 2308 tutem

170 2341 249 2395 ritum
267 2342 357 2395 sortita
376 2347 417 2398 est
434 2342 564 2398 ebriosum
583 2350 610 2399 et
628 2347 683 2400 iere
701 2345 817 2412 quotidie
844 2347 959 2402 naturali
977 2346 1088 2413 quilibet
1109 2346 1226 2400 nuscitur
1248 2347 1275 2397 ct
1295 2343 1414 2396 remanet
1432 2341 1498 2394 sub-

171 2427 233 2483 rino
251 2432 368 2494 captum,
393 2429 476 2484 dilum
494 2429 637 2486 decennem
654 2435 718 2486 natu
735 2433 818 2498 malo
842 2433 935 2500 lectus.
968 2433 1048 2489 Nemo
1067 2438 1154 2488 umen
1172 2430 1311 2486 actualiter
1322 2431 1422 2494 peccat,
1443 2425 1498 2480 nisi

171 2524 227 2568 rem
254 2515 360 2569 omnino
384 2520 529 2582 amentem,
557 2518 639 2572 cilum
664 2523 817 2586 septennem
844 2534 893 2576 usu
916 2521 1026 2576 rationis
1048 2520 1169 2588 gaudeat.
1206 2519 1272 2572 ilinc
1293 2515 1422 2579 inientes,
1450 2513 1498 2580 qui

171 2599 327 2654 hereticum
338 2605 364 2655 et
372 2602 478 2658 tertium
487 2603 689 2671 quinquennem,
702 2607 818 2660 nondum
844 2620 920 2662 rmum
949 2609 1058 2662 rationis
1087 2607 1202 2662 nondum
1232 2603 1321 2668 adepti
1350 2605 1431 2666 sunt,
1470 2604 1499 2654 et

172 2699 248 2742 usum
265 2689 374 2743 rationis
392 2690 541 2745 habentem.
579 2693 637 2747 loti
659 2692 720 2746 huic
742 2693 818 2747 tami·
846 2700 962 2750 smentes
980 2698 1042 2749 sunt
1058 2692 1170 2758 subiecti
1188 2691 1241 2758 legi
1258 2688 1373 2744 naturali
1391 2687 1419 2740 ln
1434 2691 1497 2740 actu

172 2773 225 2827 liae
243 2773 335 2829 diebus
353 2777 456 2832 veneris
474 2790 566 2832 carnes
583 2791 599 2832 a
616 2779 659 2834 dle
675 2779 744 2844 loris
755 2780 818 2835 resi·
845 2783 943 2848 primo,
969 2794 1021 2836 nou
1040 2785 1127 2835 antem
1145 2778 1288 2844 positivae,
1313 2775 1379 2830 ebrii
1404 2778 1496 2828 sutem

172 2861 237 2914 duas
249 2861 443 2918 manducandas
458 2865 573 2930 praebet,
593 2866 654 2933 quia
666 2866 723 2920 sivo
735 2870 818 2934 pater,
845 2868 952 2923 cuilibet
965 2868 1018 2932 legi
1029 2865 1141 2932 subiecti
1151 2867 1297 2921 remanent.
1310 2888 1345 2900 -
1359 2861 1382 2918 l.
1394 2862 1495 2926 comp.

171 2947 227 3003 sire
254 2947 301 3002 dlii
328 2962 344 3003 a
372 2955 514 3018 praecepto
540 2952 671 3007 Ecclesiae
697 2953 820 3008 ridentrr
846 2969 874 3012 rr.
895 2956 945 3009 tl.
967 2953 1017 3008 92.

171 3035 312 3090 eximendi.
898 3043 927 3097 lt.
942 3037 1031 3095 odd*i
1045 3042 1147 3103 occec.
1177 3034 1415 3092 controvertitur.
1444 3033 1497 3086 bn·

223 3124 311 3177 londo
340 3127 473 3180 cumulata
502 3127 633 3182 aemmnis
662 3126 817 3192 Melania,
846 3131 908 3196 ples
926 3127 1002 3181 dotur
1018 3127 1148 3182 senentio
1165 3121 1318 3188 probabilis,
1336 3119 1440 3175 scilicet
1457 3120 1497 3172 al·

172 3212 263 3274 utpote
281 3211 362 3266 animi
374 3213 603 3280 impatientissimi,
623 3214 706 3269 rtrum
718 3213 819 3268 ebrium
846 3215 952 3269 drmaus
970 3216 997 3267 ct
1013 3224 1126 3279 negans,
1144 3211 1215 3275 prior
1232 3213 1318 3263 umen
1335 3206 1497 3272 probabilior

173 3306 276 3348 necnon
293 3296 375 3350 illlum
393 3304 524 3354 amentem
544 3301 571 3354 ln
589 3300 782 3356 exsecrationes
794 3305 821 3354 et
846 3301 949 3357 ridetur
966 3311 1025 3354 cum
1044 3301 1072 3354 S.
1092 3297 1151 3364 dic.
1174 3323 1208 3336 ·-
1234 3295 1256 3352 l.
1278 3296 1373 3358 domo.
1393 3306 1423 3348 rr.
1443 3295 1495 3346 ild.

174 3380 350 3444 blasphemias
367 3387 421 3436 tum
439 3386 574 3451 exemplo,
595 3391 650 3442 lum
668 3387 820 3453 procacibus
847 3391 949 3452 ouum.
969 3381 1011 3441 2⁰.

174 3465 275 3531 verbis,
297 3471 352 3521 tum
370 3469 448 3524 otium
465 3472 577 3527 msttbm
595 3474 746 3540 frequenter
761 3487 819 3541 pro
897 3473 940 3532 80.
961 3501 994 3512 -
1012 3475 1044 3530 ll.
1062 3469 1105 3527 cd
1119 3472 1157 3526 3m
1172 3473 1273 3534 occec.
1293 3478 1341 3521 scu
1357 3465 1392 3520 ad
1408 3465 1497 3520 rarios

174 3559 251 3608 cocat
277 3558 304 3608 et
329 3554 459 3622 impellit,
491 3571 541 3613 uec
565 3563 687 3626 scmpulo
714 3562 819 3629 quidem
846 3576 935 3619 casus:

174 3639 283 3696 minimo
300 3641 448 3707 cohibetur,
474 3655 507 3696 ex
529 3657 560 3698 eo
581 3647 649 3712 quod
666 3648 776 3702 maritus
795 3654 822 3701 et
900 3645 928 3702 1⁰
958 3648 1096 3704 liciania
1124 3656 1216 3700 carnes
1246 3642 1308 3697 dare
1337 3639 1424 3706 potuit
1453 3638 1496 3692 dle

175 3728 261 3795 dilus,
285 3741 335 3784 usu
358 3731 477 3783 carentes
497 3730 621 3796 rationis,
645 3745 753 3798 peccare
776 3746 821 3788 ne·
847 3737 977 3802 prohibito
987 3735 1041 3788 illio
1053 3746 1101 3788 suo
1114 3729 1274 3800 quinquenni
1284 3733 1312 3782 ct
1322 3727 1376 3782 illio
1386 3725 1495 3788 amend,

175 3821 280 3882 queant.
848 3835 902 3878 non
913 3834 976 3876 vero
993 3821 1085 3876 marito
1102 3818 1183 3884 ebrio,
1201 3829 1286 3884 neque
1304 3813 1358 3868 dlic
1375 3813 1497 3878 septenni

226 3899 296 3958 ΗΜ
848 3909 983 3968 frenetico.
1020 3907 1142 3975 sequitur
1160 3918 1193 3960 ex
1211 3904 1297 3960 dictis.

176 3987 469 4058 Quaer.1⁸0uiacrn
493 3990 603 4058 tridua
627 3992 823 4057 subjiciuntur
900 3993 930 4050 2⁰
954 3996 1073 4052 leccout
1099 3993 1214 4060 graviter
1237 3989 1377 4044 betunia
1403 3998 1497 4053 proeo-

343 4105 377 4117 -
389 4093 430 4136 ora
442 4079 583 4146 insonter,
597 4080 677 4144 ebrii,
693 4083 824 4136 amenter
848 4084 931 4140 cando
948 4083 1070 4137 maritum
1093 4080 1194 4135 ebrium
1216 4082 1244 4131 et
1260 4075 1343 4130 ditum
1366 4078 1497 4128 amentem

344 4169 416 4222 cici
850 4172 876 4225 in
902 4167 1092 4236 blasphemias,
1121 4166 1197 4233 quir,
1226 4164 1288 4218 licet
1313 4175 1363 4217 usu
1388 4161 1498 4216 rationis

306 4248 387 4310 Μ
411 4256 497 4319 poteri
522 4259 592 4309 onte
617 4255 665 4309 oct
685 4257 754 4321 port
780 4267 822 4309 re·
849 4259 970 4322 careant,
994 4257 1047 4320 legi
1065 4254 1178 4309 naturali
1201 4251 1374 4316 subjiciuntur
1391 4248 1419 4301 in
1437 4251 1496 4301 actu

341 4342 493 4404 nicoclem
503 4341 823 4408 kaibmdccteriucaer·
849 4346 945 4411 primo,
964 4349 995 4398 ut
1010 4342 1109 4398 dictum
1127 4344 1177 4404 est,
1213 4340 1269 4393 lion
1287 4337 1392 4392 videtur
1409 4338 1497 4389 autem

342 4415 502 4492 pecctore
849 4431 951 4498 peccati
974 4430 1068 4483 saltem
1092 4427 1212 4482 mortalis
1236 4423 1381 4491 arguendo.
1408 4434 1442 4475 ex
1467 4433 1497 4474 cc

302 4509 333 4568 3⁰
345 4511 418 4576 occid
434 4515 465 4568 in
483 4515 606 4581 stupetis
629 4517 746 4572 caridus
763 4520 823 4573 rto·
850 4519 918 4586 quod
936 4529 1014 4571 causa
1032 4515 1113 4569 hrerlt
1135 4511 1351 4580 imprecationum
1369 4508 1397 4562 ln
1415 4509 1497 4562 homi·

346 4599 502 4657 tiendum?
850 4618 906 4672 nes,
927 4603 989 4670 qula
1005 4599 1153 4668 huiusmodi
1171 4599 1251 4658 rerba
1268 4597 1301 4652 ab
1318 4596 1390 4654 ebrio
1408 4594 1451 4649 rel
1464 4597 1496 4650 ab
