3148 4992
516 185 556 240 nli
573 185 759 240 PRAEOEHIS
775 187 951 244 molestis
1339 185 1390 244 151

77 324 259 378 adunione
285 324 314 378 ia
336 326 413 378 mot.
441 321 477 376 de
496 323 604 388 null.
628 324 659 378 P.
685 325 720 386 ll,
750 335 796 386 pro
817 327 872 378 tota
895 307 998 378 lamllia
1021 325 1147 380 obtinere.
1184 324 1251 389 Brpo
1277 326 1392 379 corne·

75 425 102 466 a.
129 414 223 473 ⁵17..
251 411 296 466 ulti
323 412 447 464 usserltur
473 421 532 464 euna
556 413 585 464 S.
609 409 667 475 ιω.
695 415 725 464 et
749 410 814 464 lins
842 411 891 464 sula
917 410 966 464 llio
993 413 1113 476 respectu
1142 421 1196 464 non
1222 414 1263 464 est
1290 411 1391 475 inpule-

75 497 163 562 ansa,
195 498 332 551 materiam
362 499 448 552 leuen
478 509 530 550 non
560 509 618 550 esse
645 509 721 562 eapn·
749 494 853 548 tandus.

74 596 128 638 oeni
157 585 331 650 obligationis
359 585 460 649 mais,
493 583 572 640 etiem
601 583 721 648 proiaol-
799 579 859 636 iat.
884 607 918 620 -
940 583 970 636 li.
990 579 1032 634 od
1047 581 1086 634 2¹²
1105 584 1207 644 osaea
1244 581 1390 646 Nepolloe.

74 672 138 734 llus,
168 671 193 723 si
217 671 284 725 haee
306 672 415 724 materia
440 671 506 726 leals
527 671 614 724 loanni
636 669 722 735 operis
748 668 889 732 Peregrini,
910 668 954 732 pul
972 667 1084 732 propriis
1097 669 1219 732 expensis
1236 667 1264 719 ln
1281 665 1392 730 nospltlo

72 757 163 822 mals
191 762 308 819 imant,
339 759 402 823 puin
426 757 551 823 obligatio
578 757 720 810 seeundum
747 753 910 816 redduntur,
940 755 1056 819 elumen
1084 755 1285 822 dispensationis
1311 757 1391 820 parti·

72 843 216 897 materiem
249 848 431 907 mensuratur,
465 847 493 897 et
520 843 604 907 nosris
637 846 721 897 atten-
748 839 820 904 elpes
836 839 892 894 ieri
910 851 1051 909 nequeant,
1071 842 1132 908 quie
1144 844 1177 896 de
1194 855 1285 896 menan
1298 841 1392 907 patris·

73 932 146 984 ditur
177 931 210 984 ad
240 931 394 984 molem
426 932 459 983 tn
488 942 520 983 ss
548 933 719 994 apostolom,
748 925 861 980 inradias
879 937 933 982 nou
950 928 1039 992 edant,
1058 940 1116 982 oum
1132 929 1237 994 lpslnaet
1252 929 1391 994 peroniano

72 1027 152 1082 mena
178 1016 213 1070 ad
237 1015 293 1080 elna
316 1027 449 1070 omna.
474 1041 508 1054 -
531 1020 559 1070 ll.
585 1015 659 1081 ltu„
686 1011 722 1068 de
748 1024 794 1076 pro
811 1014 883 1067 riotn
899 1015 1052 1079 retribuant,
1073 1027 1121 1068 nee
1138 1016 1248 1080 proinde
1265 1016 1298 1069 de
1315 1014 1391 1068 iami-

70 1105 183 1168 paule.
204 1115 233 1158 tt.
255 1104 327 1156 517.
748 1100 783 1152 lle
796 1099 874 1152 etiarn
892 1101 919 1154 in
932 1101 1061 1156 latissimo
1079 1113 1158 1154 sensu
1170 1111 1227 1154 esse
1241 1105 1389 1154 censentur.

265 1232 413 1306 ossus
435 1235 536 1304 m
747 1189 969 1335 intritae
983 1185 1391 1333 :lattiniani

198 1353 399 1408 lllSl’ElisiTlii
417 1355 595 1409 Sililifflcll.
748 1360 819 1414 tinus
842 1361 896 1413 suis
920 1358 1066 1413 ministrare
1090 1359 1230 1424 nequeunt.
1271 1355 1338 1419 ispo
1361 1355 1389 1406 ln
1489 1425 1493 1434 Ι

125 1448 299 1502 cornelius
317 1459 409 1512 oeupo,
429 1461 537 1502 aenens
555 1450 582 1501 in
596 1447 720 1512 dloeeesi,
748 1447 798 1500 non
815 1459 877 1499 ensu
895 1445 1040 1510 culpandus
1058 1451 1098 1498 est
1115 1442 1293 1498 cornelius.

70 1536 101 1589 in
123 1547 178 1601 pua
201 1535 315 1589 nouitas
337 1533 432 1588 edendi
450 1545 542 1588 earnm
559 1534 603 1588 die
620 1533 721 1588 notati
798 1529 860 1587 495.
879 1558 913 1571 -·
930 1533 961 1586 lt.
978 1530 1021 1586 od
1036 1528 1075 1581 3¹²¹
1088 1532 1188 1592 osaea.
1222 1526 1390 1583 cornelius

69 1621 188 1687 singulis
206 1620 355 1686 petentibus
368 1620 528 1684 eonoedltur,
547 1622 597 1674 lane
614 1622 722 1676 obtemp
747 1632 801 1674 nnn
817 1623 905 1685 polest
915 1621 953 1673 nti
970 1619 1096 1674 iaealtale
1107 1620 1213 1681 aceepta
1231 1619 1304 1668 extra
1318 1613 1390 1666 dioe-

70 1709 244 1773 privilegium
256 1708 374 1762 extendit
391 1708 425 1761 ad
442 1709 567 1761 lanrlllaur
581 1708 719 1773 integram,
747 1705 835 1758 cesina.
860 1705 935 1758 Ratio
947 1710 995 1768 ast,
1010 1705 1070 1770 qnia
1082 1703 1217 1768 praediola
1229 1699 1390 1764 dispensatio

70 1795 106 1848 nd
122 1795 226 1848 amieos
244 1799 270 1848 et
287 1799 420 1860 segnatos,
440 1808 455 1847 a
474 1793 568 1860 unibus
589 1793 719 1857 invisitur,
748 1796 870 1846 censetur
885 1792 1010 1857 primerio
1028 1793 1134 1854 loonlis,
1158 1793 1185 1844 et
1201 1787 1328 1852 olilipntlo
1345 1795 1390 1850 pe*-

70 1881 136 1934 iioet
158 1881 270 1933 veniant
291 1892 325 1933 er
340 1880 395 1933 alia
417 1881 547 1945 deensi,
570 1881 598 1934 in
620 1893 672 1946 qna
689 1892 720 1932 ea
747 1881 819 1933 tendi
845 1880 995 1935 laenitatem
1022 1890 1070 1944 pro
1094 1877 1207 1940 siupuils
1229 1875 1273 1928 vel
1296 1872 1390 1926 saltent

70 1966 238 2030 dispensatio
254 1978 308 2020 non
326 1969 491 2032 conceditur,
510 1968 613 2028 ino,ad
631 1980 721 2022 ornnes
746 1977 793 2030 pro
811 1966 910 2021 iarnilia
927 1967 967 2018 est
981 1963 1093 2020 conditio
1111 1963 1190 2028 „sine
1202 1973 1252 2028 pun
1264 1958 1337 2013 non“
1355 1957 1390 2011 ad

69 2053 202 2117 naspltes,
222 2053 267 2117 qul
285 2053 319 2106 ad
336 2065 410 2106 snam
428 2055 563 2110 tabernam
579 2056 719 2109 divertunt.
747 2065 821 2106 nsurn
840 2050 1042 2116 dispensationis
1059 2049 1197 2114 generalis,
1217 2053 1248 2100 ut
1267 2057 1315 2111 per
1332 2054 1390 2098 eam

71 2141 131 2202 lpse
155 2143 244 2192 autern
266 2139 315 2190 liae
339 2139 447 2192 lieentia
469 2140 552 2194 utitur
575 2153 628 2194 non
651 2140 720 2194 donni
747 2139 897 2192 ostendatur
925 2137 1064 2192 sninnsio
1094 2137 1121 2188 et
1148 2134 1298 2190 reverentia
1328 2141 1390 2196 erpo

71 2229 188 2286 unium,
212 2224 260 2278 sed
283 2224 361 2278 eden
378 2227 569 2290 peregrlnnndo
591 2229 663 2280 entra
681 2226 720 2280 di·
747 2225 897 2282 leotaldus.
935 2225 1034 2278 luniso
1053 2225 1174 2276 sumnus
1191 2219 1314 2274 Pontifex
1328 2228 1390 2270 eon·

72 2309 186 2362 suasim
205 2321 255 2373 per
273 2312 330 2364 loen
347 2311 460 2374 diversa,
478 2315 506 2366 ln
521 2312 614 2378 pullus
632 2314 720 2379 nutus-
746 2314 862 2367 sedendo
885 2312 965 2366 aeriis
985 2309 1115 2374 episeopis
1137 2307 1288 2360 laenitatem
1310 2314 1389 2368 pene·

74 2398 146 2450 rnodl
163 2397 327 2462 dispensetis
345 2399 463 2453 inaudita
482 2402 530 2453 est.
746 2401 844 2463 rilem,
874 2400 902 2451 ln
930 2409 978 2473 esu
1002 2396 1088 2448 earnis
1115 2405 1174 2448 euni
1199 2393 1253 2447 suis
1279 2389 1390 2444 saltdltis

127 2479 196 2536 Euo
747 2485 914 2550 dispensandi
933 2485 975 2537 are
991 2483 1109 2546 sannen,
1133 2479 1245 2535 annun
1266 2478 1299 2530 aa
1321 2474 1390 2528 uim-

75 2566 192 2637 Qnaer.
206 2563 291 2624 l'An
314 2572 499 2626 cornelios
522 2573 649 2636 poluerit
671 2585 720 2626 es·
746 2573 858 2626 enitates
891 2573 918 2623 et
950 2569 1120 2623 neeessltetes
1155 2568 1278 2619 loeornnr.
1322 2563 1390 2626 Ergo

249 2655 365 2712 maere
389 2658 547 2720 utentium,
567 2670 655 2722 paam
673 2658 719 2712 oi·
749 2659 917 2712 cornelius
939 2669 992 2710 uon
1009 2655 1094 2720 potuit
1111 2665 1202 2707 earnes
1220 2650 1297 2704 edere
1316 2651 1390 2699 extre

249 2745 345 2806 uouit,
361 2743 568 2808 adsumtione,
582 2749 721 2810 poponens
747 2745 885 2799 dioesesim
910 2744 953 2797 die
974 2741 1077 2795 sanlail
1101 2741 1127 2792 vl
1144 2735 1277 2791 intulistis
1298 2733 1324 2784 ln
1342 2743 1389 2784 suo

248 2831 297 2883 ool
311 2832 437 2884 amicos?
748 2834 804 2886 loeo
822 2833 959 2892 ootemae,
983 2829 1034 2881 nisi
1057 2826 1148 2880 eadem
1166 2824 1249 2888 pretia
1267 2827 1389 2872 ooneoesa

203 2911 288 2970 mo
315 2913 357 2969 ud
380 2921 551 2982 senonens,
580 2918 633 2981 pati
654 2929 720 2981 pro·
746 2918 826 2972 sitin
845 2919 911 2980 loeo,
930 2925 1070 2981 perquem
1091 2911 1192 2964 transit.

243 3003 321 3066 prtia
336 3005 473 3066 espessia
483 3006 516 3057 ts
530 3015 666 3068 caupona
678 3016 721 3057 re·
797 3001 858 3058 496.
877 3029 911 3042 -
929 2999 1104 3055 condenatur
1122 2997 1199 3048 etiem
1214 2990 1346 3044 derisione
1358 2989 1385 3039 S.

246 3087 403 3150 limatur?
747 3095 832 3157 oonp.
869 3089 1001 3153 lupuleto.
1034 3086 1096 3137 data
1128 3093 1175 3145 pro
1210 3077 1307 3140 selplo
1342 3070 1388 3126 dle

203 3169 288 3227 d⁸lar
310 3176 398 3229 elium
422 3177 476 3229 tter
499 3174 611 3240 spendo
635 3181 720 3230 estro
748 3179 796 3230 io.
811 3179 879 3230 iun.
902 3177 1006 3236 1855„
1027 3183 1092 3238 qnae
1110 3171 1142 3223 ad
1161 3167 1214 3220 alla
1233 3165 1290 3217 loos
1304 3157 1388 3225 appll-

249 3259 400 3315 dioecesem
422 3273 528 3319 corma
550 3259 633 3316 edere
653 3274 719 3326 pos
746 3264 829 3316 unda
853 3265 893 3316 est
915 3263 1020 3327 propter
1041 3267 1137 3330 eamne
1160 3251 1308 3317 paritatem.
1345 3246 1388 3299 Sia

248 3348 303 3400 siti
746 3353 832 3403 antem
867 3347 1017 3413 perhibetur
1049 3341 1207 3410 postulatum
1238 3347 1296 3390 enni
1326 3332 1387 3386 data

328 3429 465 3486 solutio.
745 3436 925 3499 responsione:

118 3515 185 3572 493.
207 3543 242 3555 -
260 3522 292 3574 ll.
306 3519 349 3574 od
358 3519 397 3572 1Ιι
409 3522 510 3582 osaea.
529 3518 715 3584 Amorum,
848 3517 1064 3585 „senissimo
1082 3513 1190 3567 Pater!

70 3615 115 3658 sen
127 3607 402 3670 potestcornellus
421 3608 571 3662 laenitatem
584 3609 717 3662 suentem
795 3606 992 3674 „illustrissimi
1012 3601 1132 3667 Episcopi
1148 3597 1231 3663 lielpli
1254 3593 1386 3661 petierunt

70 3691 217 3745 extendere
235 3692 268 3746 ad
285 3693 414 3757 interram
427 3694 562 3757 lamiilnnr,
581 3695 614 3748 ad
630 3696 718 3748 douae·
744 3707 835 3761 „anno
849 3691 916 3747 1853
929 3707 945 3747 n
960 3695 1012 3746 Sua
1024 3689 1177 3748 sentillam,
1197 3689 1225 3738 ut
1237 3679 1388 3747 dignaretur

69 3777 148 3832 ainos
173 3783 253 3844 atpue
277 3779 310 3832 ad
333 3791 424 3832 ornnes
448 3780 546 3833 amieos
573 3785 620 3834 ant
642 3781 717 3845 allos,
744 3784 869 3847 ‚‚anlerre
886 3783 985 3846 legem,
1009 3791 1058 3843 qna
1081 3773 1232 3843 prohibetur
1253 3779 1313 3820 esns
1330 3774 1386 3816 aar·

70 3877 134 3930 quos
154 3865 270 3930 promito
287 3866 400 3930 irnapitio
419 3866 446 3918 lu
464 3867 569 3920 domum
591 3867 714 3922 admittit.
744 3871 836 3934 „nium
855 3869 882 3921 ln
901 3867 944 3920 dle
966 3863 1076 3918 sensati.
1113 3863 1166 3915 sna
1183 3853 1312 3912 sanetius
1334 3859 1386 3902 non

69 3952 111 4005 Sin
130 3951 204 4005 enirn
223 3953 389 4018 privilegium
406 3953 475 4006 istud
493 3954 718 4008 communiterln·
744 3954 902 4022 „anmgavlt
926 3955 1010 4018 legem
1034 3951 1120 4012 illem,
1147 3945 1194 4000 sed
1218 3943 1323 4006 dignata
1346 3939 1387 3990 est

70 4038 202 4102 tellipltur
223 4039 250 4090 in
272 4039 351 4101 loeis,
376 4039 469 4104 quinus
491 4051 642 4094 conoessum
666 4045 713 4093 est.
743 4043 908 4106 ‚possedere
930 4039 1062 4093 illustriss.
1087 4031 1221 4100 Episcopis
1241 4025 1325 4091 Belpli
1346 4023 1386 4076 in·

69 4125 110 4179 Sia
138 4123 222 4177 etianr
250 4137 266 4178 a
292 4125 373 4180 ranis
402 4127 531 4190 episeopis
557 4127 716 4181 declaratum
743 4131 889 4192 ‚,eultatena
901 4125 1069 4194 dispensandi
1082 4125 1149 4176 elren
1163 4120 1234 4174 illan]
1247 4125 1306 4167 euni
1318 4109 1385 4175 latis,

70 4213 128 4265 init.
171 4210 242 4263 Satis
268 4215 309 4265 est
331 4211 424 4277 igitur,
451 4213 474 4266 sl
497 4218 576 4278 eaput
601 4215 717 4268 familiae
743 4217 808 4282 „qui
826 4219 946 4280 peterent
963 4209 1190 4276 dispensationem.

68 4298 225 4351 nonluiern
238 4298 333 4352 mendi
350 4311 443 4353 earnes
455 4301 498 4353 dle
514 4300 617 4355 sabbati
635 4305 716 4367 petat,
794 4303 878 4368 „inde
888 4303 1026 4365 exponitur
1035 4296 1180 4351 humillime
1192 4285 1385 4347 inneserlptnna

68 4389 98 4438 ut
116 4389 173 4438 tota
191 4381 306 4449 leonilla,
327 4386 417 4450 amiel,
439 4387 541 4452 tantuli,
561 4388 673 4451 operarii
691 4393 718 4443 ei
743 4391 882 4456 „dulilunn
905 4391 1010 4450 vinem,
1026 4384 1141 4438 sirmia
1157 4372 1383 4442 dispensatione,

70 4472 189 4537 hospites
211 4472 289 4526 titulo
311 4475 424 4537 gratuito
443 4475 469 4527 ln
491 4475 629 4540 privilegio
648 4488 716 4530 eom·
742 4475 1016 4545 ..pereprtaanuoos
1037 4473 1123 4524 estro
1146 4463 1275 4526 Belpiam
1297 4455 1388 4509 licem

70 4557 206 4612 nnniaare
224 4558 333 4622 possint.
369 4561 458 4614 Potest
474 4563 553 4615 etlam
573 4563 716 4618 membrana
741 4560 911 4628 „comodere
936 4570 1041 4616 emes
1062 4560 1094 4613 lo
1117 4554 1202 4615 oola,
1227 4549 1259 4601 to
1281 4539 1384 4610 litim

71 4645 189 4699 lnniiioe
216 4645 396 4714 meumque
421 4651 572 4703 laenitatem
597 4653 715 4706 eamdem
743 4653 839 4718 „siper
856 4651 916 4704 islo
933 4649 1018 4703 iesi“
